2918 4800
382 311 452 358 ms.
470 311 570 357 xxm.
600 310 678 357 cnr.
695 310 745 357 m.
760 311 809 357 rv.
839 309 937 357 sacr.
954 310 1038 354 ssa.
1227 293 1267 357 23

145 474 177 528 et
198 461 437 528 chamaeleonte
457 461 558 527 herba
579 462 658 527 mire
682 473 783 527 sanat.
817 459 927 527 Cruda
949 483 1081 526 amurca
1108 461 1270 547 podagras

146 563 247 629 foveri
269 562 483 628 utilissimum.

187 663 250 731 IV.
273 664 325 728 38.
349 656 491 730 Oleastri
514 663 662 730 foliorum
684 665 796 730 eadem
818 674 942 729 natura.
973 661 1130 751 Spodium
1153 687 1170 728 e
1192 686 1269 729 cau·
1284 679 1316 728 ta

144 767 250 833 liculis
278 766 497 832 vehementius
524 765 647 832 inhibet
673 767 937 846 rheumatismos3
971 768 1062 833 sedat
1087 778 1120 832 et
1144 767 1269 833 inflam-

144 870 301 935 mationes
315 869 490 946 oculorum,
513 879 631 954 purgat
646 870 764 948 ulcera,
787 870 926 933 alienata
941 872 1060 956 explet,
1083 891 1270 935 excrescen-

145 970 190 1035 tia
210 971 326 1036 leniter
347 971 450 1035 erodit
473 970 634 1054 siccatque
657 981 690 1035 et
711 971 755 1035 ad
777 970 958 1036 cicatricem
979 971 1143 1056 perducit;
1167 979 1271 1036 cetera

144 1072 235 1137 utin
256 1072 345 1138 oleis.
366 1071 533 1137 Peoulinre
548 1083 665 1151 autem,
688 1073 776 1156 quod
797 1073 874 1138 folia
896 1073 1093 1137 decocuntur
1114 1094 1154 1136 ex
1175 1071 1270 1136 melle

145 1186 177 1241 et
197 1175 315 1239 dantur
336 1173 534 1239 coclearibus
556 1184 666 1239 contra
687 1174 854 1260 sanguinis
877 1173 1121 1239 exscreationes.
1150 1171 1270 1239 Oleum
1285 1185 1315 1234 77

145 1288 270 1342 tantum
284 1278 390 1341 acrius
412 1276 652 1360 efficaciusque3
675 1275 749 1341 ideo
771 1297 808 1341 os
829 1297 956 1360 quoque
971 1275 1132 1341 conluitur
1151 1274 1206 1340 illo
1228 1274 1271 1338 ad

144 1374 326 1443 firmitatem
348 1377 500 1443 dentium.
536 1376 742 1463 Inponuntur
767 1376 842 1442 folia
864 1389 895 1442 et
916 1374 1122 1464 paronychiis
1144 1387 1176 1441 et
1198 1398 1269 1439 car·

144 1479 292 1544 bunculis
319 1491 352 1544 et
379 1491 492 1543 contra
512 1500 640 1544 omnem
662 1479 882 1545 collectionem
909 1502 983 1545 cum
1009 1479 1095 1557 vino,
1122 1478 1164 1543 iis
1191 1499 1269 1543 vero

143 1602 227 1664 quas
252 1580 424 1670 purganda
452 1581 516 1644 sint
543 1604 617 1645 cum
638 1581 742 1646 melle.
776 1579 957 1647 Miscentur
977 1581 1144 1646 oculorum
1165 1579 1268 1646 medi·

144 1682 298 1747 camentis
321 1694 353 1747 et
375 1682 543 1748 decoctum
565 1683 713 1748 loliorum
734 1694 767 1748 et
796 1705 892 1748 sucus
919 1681 1065 1758 oleastri;
1095 1681 1215 1747 utiliter
1237 1693 1270 1746 et

143 1783 276 1849 auribus
297 1783 470 1848 instillatur
491 1806 564 1849 cum
585 1784 679 1849 melle
693 1785 745 1849 vel
765 1784 792 1849 si
806 1805 868 1870 pus
884 1782 1003 1849 effluat.
1026 1783 1124 1849 Flore
1139 1783 1269 1848 oleastri
1284 1798 1315 1845 rs

143 1885 368 1970 condylomata
388 1884 564 1950 inlinuntur
585 1896 619 1952 et
640 1885 851 1972 epinyctides,
874 1886 953 1951 item
975 1907 1050 1950 cum
1073 1885 1178 1950 farina
1191 1884 1268 1949 hor·

144 1985 255 2052 deacia
285 1997 398 2052 venter
424 1986 458 2051 in
492 1987 721 2052 rheumatismo
733 2035 743 2065 ,
777 2009 851 2052 cum
882 1986 952 2052 oleo
984 1985 1100 2070 capitis
1132 1985 1268 2050 dolores.

144 2086 262 2152 Cutem
282 2087 317 2151 in
340 2088 445 2175 capite
466 2088 507 2154 ab
529 2087 658 2153 ossibus
680 2088 884 2153 recedentem
911 2087 1059 2153 cauliculi
1089 2086 1213 2151 decocti
1235 2097 1268 2150 et

144 2210 218 2254 oum
238 2190 332 2255 melle
352 2189 486 2275 inpositi
509 2189 732 2274 conprimunt;
761 2213 802 2255 ex
829 2190 966 2255 oleastro
993 2189 1108 2253 maturi
1135 2189 1168 2252 in
1197 2187 1269 2254 cibo

144 2291 265 2375 sumpti
287 2291 405 2356 sistunt
431 2290 547 2370 alvom,
576 2291 651 2356 tosti
672 2301 782 2356 autem
804 2301 931 2357 etcum
951 2290 1044 2355 melle
1067 2290 1134 2354 triti
1155 2311 1269 2354 nomas

143 2401 327 2479 repurgant,
351 2391 564 2458 carbunculos
585 2403 751 2478 rumpunt.

184 2493 236 2556 39.
260 2490 336 2558 Olei
355 2504 503 2558 naturam
525 2517 702 2579 causasque
723 2494 851 2560 abunde
874 2495 1024 2560 diximus.
1054 2493 1110 2558 Ad
1131 2492 1266 2558 medici·
1284 2507 1315 2553 rs

143 2615 217 2658 nam
238 2617 279 2659 ex
301 2595 364 2660 olei
384 2595 558 2682 generibus
579 2597 658 2663 haec
680 2597 852 2682 pertinent,
874 2597 1083 2662 utilissimum
1105 2618 1178 2660 esse
1198 2617 1268 2660 om·

143 2697 304 2783 phocium,
332 2721 488 2784 proxume
515 2699 629 2778 viride,
658 2710 826 2786 praeterea
856 2722 953 2785 quam
980 2720 1130 2763 maxume
1156 2719 1269 2763 recens

143 2798 206 2865 nisi
228 2821 302 2864 cum
323 2799 578 2866 vetustissimum
599 2800 774 2884 quaeritur,
797 2811 902 2879 tenue,
925 2800 1094 2866 odoratum
1117 2797 1268 2883 quodque

144 2923 209 2966 non
235 2903 396 2981 mordeat,
425 2925 442 2968 e
470 2902 599 2968 diverso
624 2924 723 2986 quam
749 2903 841 2969 cibus
868 2903 1007 2991 cligitur.
1053 2899 1269 2988 Omphacium

144 3003 274 3090 prodest
294 3003 454 3091 gingivis3
478 3004 506 3069 si
527 3004 726 3070 contineatur
746 3005 781 3070 in
802 3028 868 3082 ore,
891 3005 1031 3072 colorem
1045 3003 1189 3070 dentium
1211 3024 1269 3069 cu-

145 3106 241 3170 stodit
261 3107 366 3192 magis
387 3128 485 3190 quam
506 3105 608 3182 aliud3
633 3105 767 3171 sudores
789 3106 925 3173 cohibet.

145 3283 169 3325 et
179 3275 263 3340 explet,
275 3279 330 3328 vd.
349 3319 381 3328 -
404 3277 495 3340 leniter,
506 3277 561 3329 Va.
581 3277 645 3340 lenit,
657 3280 711 3330 Τὰ.
730 3318 762 3329 ..
776 3277 860 3341 erodit,
872 3280 926 3330 Τὰ.
944 3278 1002 3340 odit,
1014 3280 1048 3329 V.
1066 3286 1089 3326 et
1100 3275 1183 3338 erodit,
1195 3291 1219 3326 a.
1239 3317 1271 3327 -

145 3343 271 3408 siccatque,
287 3338 416 3397 ouran.
433 3345 516 3407 aecor,
527 3341 557 3407 β.
576 3385 608 3396 -
626 3354 659 3408 ut,
671 3347 779 3396 Barbar.
791 3362 815 3396 a.
833 3354 884 3408 aut,
896 3347 949 3398 Tr.
962 3387 995 3397 ..
1012 3344 1077 3395 olcis.
1094 3342 1125 3394 In
1137 3343 1181 3393 loc
1192 3351 1271 3394 cotem

142 3409 271 3476 pmllcre,
283 3415 362 3533 KV-
374 3429 412 3476 er,
424 3413 481 3464 Vd.
498 3420 530 3475 st,
541 3429 564 3463 a.
577 3452 609 3463 ..
622 3421 645 3462 st
655 3411 752 3476 dantur,
765 3409 875 3465 OVTd.
892 3412 989 3478 dantur,
1001 3430 1024 3466 s.
1042 3411 1183 3476 doctorque,
1195 3407 1225 3473 β.
1239 3453 1271 3463 ..

180 3550 195 3612 ξ
209 3551 249 3600 77.
267 3555 366 3611 mntem,
382 3541 513 3599 evron
532 3555 618 3612 marca,
629 3545 659 3611 β.
677 3550 719 3601 De
730 3564 758 3600 re
769 3565 793 3600 v.
805 3550 923 3601 Dioscor.
938 3556 960 3612 l,
976 3554 1032 3600 las.
1045 3586 1077 3599 ..
1096 3547 1271 3612 efficaciusque,

92 3657 96 3665 .
150 3607 281 3666 OVTad.
299 3625 370 3681 atquc
385 3615 514 3681 efficacius,
526 3613 555 3679 β.
575 3658 606 3668 ..
629 3616 768 3680 ictarius
786 3626 810 3667 et
824 3616 854 3668 cle
870 3634 904 3681 co,
917 3618 1023 3682 Vror.
1046 3623 1070 3665 st
1085 3613 1122 3676 de,
1134 3612 1183 3665 sd.
1200 3622 1230 3675 st,
1241 3610 1272 3676 β.

149 3723 180 3732 ..
198 3680 307 3747 coicitur,
319 3687 352 3736 V.
375 3724 407 3734 -
431 3683 481 3748 illo,
493 3687 577 3737 VTd.
595 3684 647 3748 illo,
660 3683 707 3736 sd.
720 3687 778 3738 Om.
790 3700 816 3751 γ.
839 3727 871 3737 -
887 3685 1032 3750 „limitatam
1050 3681 1160 3743 madum,
1173 3679 1271 3733 Vsdd.

147 3747 250 3801 (1777677777
254 3751 406 3815 firmitatem,
418 3755 472 3817 Tr.
491 3751 593 3803 dentr'am
604 3753 774 3820 infimitatem,
785 3750 814 3816 β.
833 3793 865 3803 -
880 3752 1017 3818 percepere,
1030 3751 1065 3802 V.
1083 3789 1114 3799 -
1133 3747 1179 3812 λίς,
1190 3749 1225 3801 V.
1239 3790 1271 3801 ..

145 3817 353 3883 parcendavd.
374 3818 491 3882 wanda,
507 3836 531 3871 a.
554 3861 586 3872 ..
608 3821 752 3883 ocavto.
775 3816 899 3885 scatfiy.
924 3861 956 3871 ..
982 3826 1079 3880 coctam,
1095 3818 1171 3868 Vsd.
1195 3859 1227 3868 ..
1250 3826 1273 3867 st

148 3886 255 3949 attribue,
267 3887 343 3940 Vsd.
360 3887 432 3937 edam
444 3888 552 3948 asama,
563 3885 616 3954 βγ.

182 3955 197 4018 5
211 3959 251 4007 78.
263 3953 388 4018 doloribus,
398 3957 499 4008 Vr.-
510 3953 577 4018 Oete,
586 3957 643 4007 Vd.
653 3996 684 4006 ..
697 3971 782 4006 manas
793 3962 930 4020 reposcant,
941 3971 964 4005 a.
976 3968 1086 4004 monam
1093 3961 1201 4020 peccant
1214 3954 1240 4005 V
1248 3956 1272 4005 d.

182 4023 251 4086 §⁷⁹-
269 4021 513 4090 dirimuslb,4seq
532 4061 538 4075 .
556 4025 617 4075 coll.
633 4024 750 4076 Dioscor.
771 4029 793 4085 l,
811 4028 852 4073 79.
870 4062 902 4072 ..
925 4036 982 4084 mse,
1000 4016 1080 4073 Ova.
1103 4022 1178 4084 aad
1208 4055 1215 4070 .
1241 4061 1273 4071 ..

148 4089 305 4154 omphacium,
320 4084 451 4142 evron.
469 4108 522 4156 emp
573 4087 683 4152 ‘asm‚ss.
702 4132 733 4141 ..
756 4106 842 4141 nuos.
860 4088 980 4151 Areu.
1004 4129 1036 4141 -
1058 4089 1221 4149 mormv.
1241 4128 1273 4138 .-

148 4157 287 4219 crbus,Vd.
315 4158 341 4207 ia
356 4158 422 4219 abab,
438 4155 507 4224 assr.
535 4200 567 4209 ..
594 4156 701 4222 circitor,
718 4159 751 4208 V.
781 4198 808 4207 -
841 4155 1002 4222 emplastum,
1015 4158 1126 4209 VTad.
1147 4153 1273 4221 Ompltcsi·

148 4241 212 4287 nam,
224 4221 254 4288 β.
270 4267 302 4276 ..
325 4224 432 4287 comen,
443 4228 492 4277 Vd
507 4224 595 4290 (codd.
607 4223 737 4290 Barbari).
760 4222 872 4288 dolorem
883 4241 906 4278 ι.
930 4267 961 4277 ..
987 4224 1053 4289 alibi,
1065 4226 1176 4277 VTad.
1198 4220 1273 4284 albot,

149 4294 217 4344 Pint.
231 4335 263 4345 ..
281 4293 386 4360 orrtqt't,
397 4295 430 4346 K.
