2918 4800
422 311 493 356 ΜΒ.
507 311 606 356 xxva
637 307 715 354 cnr.
732 309 808 354 vnr.
837 307 935 355 sacr.
951 310 1033 352 aas
1226 292 1284 356 181

165 461 268 540 tibus,
296 460 480 545 semipedali
507 459 689 537 altitudine,
718 458 787 523 suci
814 459 925 544 plenis.
962 458 1026 524 Hic
1055 458 1139 523 circa
1157 456 1286 544 'oppida

164 563 306 628 nascitur
336 562 455 626 semine
482 561 554 627 albo
584 560 738 626 columbis
770 559 952 646 gratissimo
959 585 968 636 3
1001 582 1118 625 nomen
1149 559 1284 646 accepit,

163 665 318 748 quoniam·
337 663 444 749 capita
466 685 538 726 cum
561 662 626 726 sole
648 662 845 746 circumagit.
882 661 996 726 Trahit
1025 661 1121 727 bilem
1151 685 1208 747 per
1235 664 1286 726 iu·

163 766 253 831 ferna
273 767 308 830 in
329 763 504 848 oxymelite
527 764 659 828 dimidio
687 762 866 840 acetabul0,
897 764 994 828 ceteri
1022 786 1100 829 usus
1127 764 1182 848 qui
1210 765 1285 829 cha-

165 867 279 931 raciae.

205 968 258 1032 43.
282 965 404 1049 Quinto
425 967 513 1051 quod
535 967 736 1052 cyparissian
759 977 874 1032 vocant
889 976 1020 1051 propter
1034 966 1182 1032 foliorum
1197 966 1286 1032 simi·
1302 981 1333 1028 to

164 1069 339 1148 litudinem,
363 1069 453 1135 caule
471 1069 600 1155 gemino
615 1079 670 1133 aut
685 1069 812 1155 triplici,
836 1070 979 1134 nascenti
992 1070 1027 1135 in
1042 1069 1287 1156 campestribus,

165 1171 276 1236 cadem
300 1171 348 1236 vis
370 1193 453 1254 quae
475 1170 669 1256 helioscopio
692 1183 747 1234 aut
769 1171 944 1236 characiae.

206 1275 258 1336 44.
281 1269 419 1338 Sextum
439 1272 663 1358 platyphyllon
678 1285 803 1349 vocant,
826 1273 880 1336 alii
895 1272 1104 1357 oorymbiten,
1126 1272 1181 1336 alii
1195 1295 1286 1358 amy-

163 1371 308 1460 gdaliten
330 1397 349 1438 a
371 1373 591 1452 similitudine,
620 1397 681 1440 nec
703 1375 799 1440 ullius
820 1375 935 1440 latiora
966 1384 1039 1439 sunt
1064 1373 1159 1452 folia3
1187 1375 1288 1462 piscis

163 1487 268 1554 necat,
295 1477 400 1542 alvom
429 1475 522 1540 solvit
549 1475 658 1541 radice
685 1477 736 1541 vel
764 1476 848 1541 foliis
870 1477 922 1542 vel
949 1499 1025 1542 suco
1051 1476 1087 1541 in
1108 1477 1213 1541 mulso
1234 1486 1288 1542 aut

163 1599 247 1662 aqua
268 1579 372 1643 mulsa
393 1576 554 1642 drachmis
575 1589 742 1660 quattuor;
765 1577 904 1642 detrahit
923 1578 1073 1664 privatim
1096 1600 1208 1662 aquas.

206 1681 257 1745 45.
288 1677 481 1766 Septumum
502 1678 696 1744 dendroides
723 1679 966 1765 cognominant,
994 1679 1048 1742 alii
1075 1679 1204 1759 cobion,
1233 1681 1287 1745 alii
1303 1695 1331 1741 tt

162 1779 398 1867 leptophyllon,
428 1783 462 1846 in
483 1781 584 1868 petris
610 1805 762 1858 nascens,
791 1780 1045 1847 comosissimum
1071 1803 1112 1847 ex
1138 1781 1288 1848 omnibus
1358 1842 1361 1847 .

163 1905 323 1961 maxume,
346 1884 510 1948 cauliculis
525 1882 714 1948 rubentibus
731 1894 763 1949 et
779 1882 900 1950 semine
914 1882 1179 1969 copiosissimum,
1201 1884 1287 1949 eius·

164 1985 238 2052 dem
259 1986 393 2051 effectus
415 1987 506 2051 cuius
529 1985 701 2050 characias.

205 2087 257 2151 46.
280 2086 385 2171 Apios
402 2085 508 2151 ischas
526 2087 593 2151 sive
607 2086 768 2171 raphanos
784 2086 876 2173 agria
890 2087 1003 2150 iuncos
1022 2086 1103 2151 duos
1121 2086 1179 2150 tris
1195 2089 1285 2172 spar—
1300 2099 1333 2146 ta

163 2188 212 2275 git
232 2188 266 2254 in
288 2198 371 2253 terra
392 2187 546 2265 rubentis,
573 2186 658 2252 foliis
688 2197 778 2253 rutae
785 2213 794 2265 3
824 2188 918 2251 radix
940 2209 1038 2272 cepae
1061 2187 1119 2252 sed
1140 2187 1286 2271 amplior,

163 2310 262 2373 quare
283 2290 415 2373 quidam
428 2289 606 2376 raphanum
622 2289 801 2356 silvestrem
814 2300 945 2365 vocant3
968 2290 1056 2354 intus
1074 2289 1169 2356 habet
1184 2313 1284 2355 mam-

161 2416 247 2458 mam
269 2393 450 2472 candidam,
473 2403 565 2458 extra
586 2393 720 2458 cortices
741 2392 866 2478 nigros3
888 2392 1031 2456 nascitur
1053 2392 1088 2457 in
1110 2393 1287 2458 montuosis

162 2495 296 2581 asperis,
324 2495 496 2581 aliquando
524 2506 556 2561 et
583 2494 739 2561 herbosis.
774 2494 936 2560 Effoditur
963 2518 1038 2560 vere
1066 2505 1223 2580 tunsaque
1252 2495 1287 2560 in
1301 2507 1332 2555 ta

161 2596 248 2661 fictili
269 2597 427 2684 mergitur
447 2598 632 2682 deiectoque
654 2598 741 2682 quod
763 2607 951 2682 supernatat
964 2598 1081 2663 relicus
1096 2620 1191 2662 sucus
1205 2621 1284 2683 pur-

162 2712 219 2786 gat
239 2710 376 2783 utraque
397 2710 489 2786 parte
513 2699 716 2785 sesquiobolo
738 2701 771 2764 in
793 2722 877 2785 aqua
898 2699 1016 2778 mulsa3
1040 2701 1086 2766 sic
1109 2712 1141 2766 et
1162 2699 1284 2784 hydro-

162 2800 243 2886 picis
266 2801 362 2866 datur
383 2800 540 2867 acetabuli
565 2824 733 2878 mensura3
762 2801 961 2888 inspargitur
983 2812 1015 2867 et
1037 2802 1146 2867 aridae
1167 2801 1285 2866 radicis

160 2903 263 2966 farina
277 2903 410 2989 potioni.
432 2904 537 2968 Aiunt
557 2903 754 2990 superiorem
775 2914 899 2989 partem
922 2904 992 2970 eius
1014 2904 1188 2970 vomitione
1210 2901 1285 2969 bilis

162 3004 340 3084 extrahere,
362 3005 547 3072 inferiorem
568 3029 627 3093 per
647 3007 762 3072 alvom.

162 3215 303 3264 emendata.
318 3255 349 3263 ..
369 3212 534 3278 Quintumque,
547 3218 609 3266 VR.
631 3214 750 3275 Quintum,
763 3211 834 3279 dssy.
849 3256 880 3264 -
899 3214 1052 3279 cyparittian,
1065 3217 1113 3265 R2.
1129 3215 1284 3278 cyparittian,

161 3282 205 3330 R¹.
217 3281 362 3344 siparium,
374 3283 407 3331 V.
425 3282 576 3346 sippeudam,
590 3285 613 3331 d.
627 3324 658 3332 ..
671 3282 784 3343 nascenti,
796 3285 832 3332 ita
843 3299 890 3333 nos
902 3284 1054 3346 scripslmus.
1072 3291 1189 3341 nascente,
1199 3283 1283 3332 VRd.

161 3357 300 3409 nascentem,
312 3345 365 3413 βγ.
384 3389 415 3399 ...
434 3349 523 3410 eadem,
536 3351 648 3400 VRTd.
667 3348 805 3411 calendar,
817 3347 868 3413 βγ.
888 3391 919 3400 ...
942 3349 1039 3400 Sextum
1057 3347 1204 3410 dendroides,
1216 3350 1283 3399 Pint.

162 3430 196 3465 ex
207 3418 368 3467 Dioscoride.
387 3459 418 3468 ..
442 3425 534 3480 uocant,
547 3419 571 3468 d.
594 3425 679 3467 uocant
698 3416 828 3482 appellant,
845 3419 907 3468 VR.
932 3459 963 3468 ..
990 3417 1138 3483 corymbiten,
1151 3421 1174 3467 d.
1198 3417 1283 3467 corim-

161 3482 231 3544 lu'ten,
243 3486 268 3534 R
276 3489 293 3535 ².
311 3485 431 3548 corihiten,
444 3487 520 3536 VR¹.

195 3554 210 3616 §
225 3557 264 3603 71.
282 3550 430 3615 dendroides,
442 3555 474 3603 R.
496 3550 586 3602 dcndro
601 3552 628 3603 id
643 3562 685 3616 est,
697 3556 731 3604 V.
750 3550 903 3614 dendroiden,
919 3555 934 3603 d
939 3568 963 3617 y.
983 3550 1157 3618 platyphyllon,
1169 3554 1237 3602 Pint.
1250 3568 1283 3603 ex

161 3620 319 3671 Dioscorida.
338 3662 370 3672 ..
392 3621 480 3681 cablon,
497 3624 561 3674 R²d
577 3620 664 3685 (codd.
676 3621 804 3684 Barbari).
828 3621 920 3683 cubmn,
943 3615 964 3669 θ
986 3619 1013 3682 (a
1029 3638 1063 3671 m.
1081 3621 1144 3684 sec.)
1156 3621 1231 3672 VR'.
1251 3662 1282 3670 ..

160 3687 350 3750 macedoinum,
362 3691 395 3739 V.
415 3731 446 3740 ...
465 3689 574 3754 maxime,
587 3692 635 3741 R'2.
654 3690 773 3752 maximis,
789 3683 930 3741 OVR'dr.
945 3732 975 3741 -
994 3688 1116 3749 carochr'a,
1129 3690 1213 3740 VRd.

196 3753 210 3814 §
224 3756 263 3804 72.
281 3753 358 3820 Apios
369 3755 454 3819 ischas,
463 3759 569 3809 Barbar.
587 3758 683 3823 Napios
695 3759 781 3819 uehar,
790 3759 822 3808 R.
834 3757 931 3822 Napioe
942 3756 1015 3820 ucho,
1026 3761 1049 3809 d.
1061 3756 1178 3823 Neptune
1188 3755 1242 3818 cha,
1248 3758 1281 3808 V.

163 3822 282 3872 Ceteram
294 3838 316 3871 v.
328 3822 449 3874 Dioscor.
462 3832 486 3884 4,
501 3831 557 3877 174.
576 3869 608 3877 ..
626 3828 722 3893 apuria,
735 3829 810 3877 VR'.
829 3866 861 3876 ..
881 3834 934 3887 tres,
947 3827 1031 3876 VRd.
1049 3825 1097 3874 sine
1113 3833 1167 3886 tres,
1178 3821 1230 3889 βγ.
1250 3867 1280 3875 -

161 3905 296 4005 ysayaeyrryam,
308 3891 390 4019 V5Rd.
408 3908 511 3955 carnem,
521 3894 553 3944 K.
568 3935 598 3944 ..
611 3895 745 3957 montuosa,
756 3895 787 3944 R.
806 3893 924 3956 monmsr's,
936 3890 1017 3955 Vdss.
1032 3935 1062 3942 -
1075 3891 1187 3955 laboch,
1197 3893 1282 3943 VRd.

161 3973 187 4005 en
256 3973 311 4018 oras,
345 3994 352 4008 .

196 4023 265 4084 §ra
284 4033 390 4089 tusaque,
402 4029 434 4077 R.
453 4027 533 4088 tanati,
545 4029 579 4078 V.
599 4032 725 4092 tusa,'1¹d.
744 4071 775 4080 ..
799 4028 895 4092 reliqua,
906 4027 940 4078 V.
958 4027 1052 4078 relictae
1067 4046 1149 4079 succus
1165 4028 1283 4094 colliyitur

159 4101 256 4156 puryat,
267 4094 300 4144 K.
314 4135 345 4144 ..
359 4103 467 4158 unaque,
479 4097 534 4145 VR
542 4098 580 4145 ²d.
599 4097 687 4160 ltaque,
699 4098 743 4146 Rt
762 4139 792 4146 -
810 4096 964 4160 lneparyitur,
974 4098 1008 4147 V.
1020 4097 1171 4162 ineperyitur,
1180 4093 1281 4162 nostr.

163 4199 195 4208 -
212 4160 298 4223 Aiunt,
310 4163 423 4212 VRTd.
442 4163 561 4225 aiuntque,
573 4159 622 4228 βγ.
642 4165 760 4215 Ceterum
771 4181 794 4214 v.
807 4165 939 4228 Theophr.
953 4166 1011 4215 hist.
1023 4167 1102 4229 plant.
1115 4166 1163 4218 lx.
1176 4172 1199 4226 9,
1213 4173 1236 4216 6.
1250 4207 1281 4215 .-

162 4225 238 4289 bilem,
250 4229 281 4278 T.
301 4270 331 4278 ..
376 4246 402 4278 er
417 4229 508 4293 alv0m3
527 4232 594 4280 hanc
609 4233 742 4282 lectionem
759 4247 792 4282 ox
807 4227 829 4293 β
845 4234 970 4283 revocavi.
990 4249 1036 4297 per
1052 4233 1131 4283 aluum
1148 4251 1172 4296 a,
1190 4235 1221 4284 R.
1236 4249 1282 4298 per

161 4293 241 4345 alnum
251 4312 325 4360 aqua,
366 4299 450 4351 VTd.
465 4315 512 4365 per
522 4297 601 4350 olnam
612 4316 698 4365 aquea
711 4301 789 4352 Hard.
799 4315 825 4365 r.
837 4301 875 4353 At
886 4301 918 4352 dc
928 4302 1001 4367 aquis
1012 4303 1078 4356 nihil
1089 4303 1168 4354 habet
1175 4303 1282 4354 Diosco-
