2918 4800
396 307 466 353 nra.
482 307 610 352 xxvur.
640 305 718 352 cnr.
736 306 796 351 vu.
827 303 925 352 secr.
942 307 1024 348 aar.
1208 291 1248 351 27
1253 293 1269 352 7

143 460 228 524 lente
249 457 337 535 luna,
360 458 527 542 coitusque
550 469 619 522 tum
641 457 785 522 maribus
808 457 946 523 exitialis
969 480 1039 522 esse
1058 470 1153 541 atque
1168 458 1270 544 pesti-

142 560 242 636 feros3
276 582 452 645 purpuram
479 581 607 643 quoque
635 582 672 623 eo
701 573 843 644 tempore
873 559 913 624 ab
948 559 998 624 his
1026 559 1144 645 pollui3
1182 571 1271 624 tanto
1285 579 1315 624 78

144 662 209 726 vim
239 685 308 726 esse
330 662 499 736 maiorem3
526 683 726 744 quocumque
749 673 855 727 autem
877 662 940 725 alio
961 673 1136 737 menstruo,
1160 663 1186 725 si
1209 686 1269 726 nu-

144 765 238 829 datae
261 774 404 850 segetem
425 762 581 840 ambiant,
605 785 721 828 urucas
744 785 781 827 ac
803 763 993 828 vermiculos
1018 763 1270 847 scarabaeosque

144 888 181 930 ac
202 866 299 931 noxia
321 866 384 930 alia
406 865 565 930 decidere.
599 864 807 929 Metrodorus
831 863 983 950 Scepsius
1005 866 1039 928 in
1063 863 1271 950 Cappadocia

143 969 310 1032 inventum
331 967 440 1051 prodit
462 967 502 1031 ob
525 965 763 1031 multitudinem
781 967 1019 1044 cantharidum3
1043 967 1089 1031 ire
1113 990 1190 1052 ergo
1211 990 1270 1052 per

142 1070 249 1135 media
269 1091 346 1133 arva
368 1068 492 1133 reiectis
514 1090 610 1154 super
632 1068 734 1132 clunis
762 1067 915 1133 vestibus.
949 1067 1041 1134 Alibi
1064 1081 1211 1134 servatur
1232 1082 1269 1133 ut
1284 1088 1314 1135 79

143 1172 239 1235 nudis
268 1171 405 1256 pedibus
433 1182 524 1247 eant,
552 1171 666 1254 capillo
689 1171 861 1254 cinctuque
883 1171 1056 1248 dissolut03
1091 1170 1269 1235 cavendum

143 1296 183 1336 ne
213 1273 245 1335 id
274 1273 395 1336 oriente
424 1272 488 1336 sole
515 1272 649 1346 faciant3
685 1283 858 1337 sementem
887 1273 972 1336 enim
1001 1295 1163 1350 arescere,
1192 1273 1269 1336 item

143 1373 283 1437 novellas
305 1373 380 1437 vitis
402 1373 471 1437 eius
494 1384 581 1437 tactu
602 1375 635 1437 in
658 1385 847 1459 perpetuum
869 1373 965 1452 laedi,
988 1387 1093 1437 rutam
1117 1387 1148 1438 et
1169 1373 1268 1437 hede-

143 1496 227 1550 ram,
250 1497 302 1539 res
323 1474 603 1550 medicatissimas‚
626 1474 711 1539 illico
733 1475 824 1539 mori.
854 1473 961 1539 Multa
983 1475 1125 1540 diximus
1147 1476 1187 1540 de
1209 1474 1269 1538 hac

143 1575 308 1653 violentia,
344 1576 401 1640 sed
433 1586 562 1661 praeter
592 1576 647 1639 illa
677 1579 801 1640 certum
829 1587 879 1640 est
906 1577 977 1661 apis
1005 1577 1097 1641 tactis
1122 1576 1268 1641 alveariis

144 1678 268 1764 fugere,
290 1677 356 1742 lina
378 1700 451 1742 cum
473 1689 653 1761 coquantur
674 1677 866 1764 nigrescere,
889 1678 991 1742 aciem
1013 1679 1046 1741 in
1069 1679 1179 1743 cultris
1197 1688 1267 1743 ton·
1322 1744 1325 1750 ,

145 1801 252 1844 sorum
273 1779 428 1857 hebetari,
452 1802 507 1844 aes
530 1791 678 1844 contactu
708 1803 808 1866 grave
831 1779 919 1861 virus
941 1779 1048 1844 odoris
1069 1780 1214 1866 accipere
1236 1791 1269 1844 et

142 1882 341 1966 aeruginem,
368 1882 472 1968 magis
499 1881 526 1945 ei
554 1881 758 1945 decrescente
786 1883 863 1944 luna
888 1881 922 1943 id
944 1880 1084 1958 accidat,
1111 1903 1211 1964 equas
1241 1882 1267 1944 si

144 1982 207 2046 sint
226 1982 380 2069 gravidae
402 1993 503 2047 tactas
525 1981 673 2046 abortum
694 1983 771 2067 pati,
795 1982 873 2065 quin
896 1992 927 2046 et
949 1981 1105 2065 adspectu
1126 1981 1266 2057 omnino,

143 2084 289 2166 quamvis
308 2086 420 2168 procul
441 2085 538 2159 visas,
562 2085 588 2147 si
604 2084 755 2168 purgatio
776 2083 829 2146 illa
845 2097 918 2166 post
933 2082 1148 2168 virginitatem
1163 2083 1267 2166 prima

143 2186 184 2249 sit
210 2197 265 2249 aut
293 2186 326 2248 in
355 2185 479 2270 virgine
509 2185 624 2250 aetatis
653 2196 778 2269 sponte.
806 2183 890 2248 Nam
919 2183 1061 2248 bitumen
1088 2185 1120 2246 in
1144 2183 1267 2248 Iudaea
1279 2207 1311 2252 sc

141 2307 277 2351 nascens
307 2287 373 2351 sola
399 2286 512 2351 beavi
535 2285 680 2372 superari
701 2286 755 2350 filo
777 2286 877 2350 vestis
899 2296 1064 2350 contactae
1091 2284 1266 2350 docuimus.

142 2385 193 2451 Ne
214 2387 283 2473 igni
305 2388 435 2471 quidem
457 2388 678 2471 vinciturque
700 2398 831 2464 cuncta,
854 2387 997 2470 cinisque
1020 2385 1117 2450 etium
1138 2386 1210 2464 ille,
1238 2385 1265 2449 si

142 2490 214 2571 quis
237 2490 408 2577 adspergat
428 2489 574 2554 lavandis
589 2489 744 2566 vestibus,
767 2511 927 2575 purpuras
942 2498 1054 2566 mutat,
1077 2487 1188 2552 florem
1209 2508 1264 2551 co-

144 2649 197 2697 Ild.
218 2690 246 2696 -
267 2665 337 2707 turra,
349 2650 383 2698 V.
404 2691 433 2698 ,.
453 2647 511 2708 alia,
524 2649 608 2698 VRd.
627 2644 752 2708 animalia,
765 2647 797 2696 Κ,
810 2689 841 2696 ..
855 2644 938 2708 medio,
950 2649 981 2696 R.
995 2688 1025 2696 ..
1046 2645 1147 2706 reiectis,
1160 2645 1227 2695 Pint.
1241 2651 1266 2692 et

144 2719 217 2765 codd.
231 2731 271 2778 ap.
285 2718 400 2766 Oudend.
413 2719 444 2765 ad
458 2717 528 2767 Suet.
542 2717 614 2767 Caes.
628 2722 651 2766 9.
670 2716 770 2774 retecta,
782 2710 912 2778 vadas.

178 2786 245 2845 §79.
263 2783 345 2844 soluto,
364 2786 393 2832 Τ.
414 2826 444 2834 ,.
468 2783 599 2843 calentium,
611 2785 645 2832 V.
665 2825 695 2832 -
719 2783 840 2843 sementia,
856 2783 941 2833 VRd.
961 2823 991 2831 ..
1015 2779 1120 2830 novellas
1136 2779 1193 2828 vitea
1209 2779 1265 2839 eius,

144 2853 217 2898 codd.
231 2851 286 2901 Gel.
305 2850 399 2910 novun,
412 2853 473 2901 VR.
492 2849 591 2913 novella,
607 2853 659 2901 Td.
677 2851 742 2901 Mihi
759 2851 919 2900 scribendum
936 2850 1046 2898 videtur:
1065 2848 1120 2896 item
1137 2846 1207 2896 vitem
1225 2863 1266 2894 no·

144 2916 228 2965 uellam
245 2934 257 2965 e
276 2927 350 2978 taatu;
369 2935 473 2983 prorsus
487 2921 574 2968 eadem
590 2921 690 2969 ratione
708 2919 799 2967 dicitur
814 2933 844 2965 ex
859 2917 944 2965 attritu
961 2915 1023 2965 olere
1041 2923 1082 2978 21,
1095 2922 1136 2966 38.
1146 2956 1177 2965 -
1192 2912 1265 2976 aedi,
1351 2959 1355 2968 ,

144 2994 230 3044 rutam,
243 2989 316 3036 codd.
330 2987 385 3037 Gel.
404 2985 564 3046 lediturutam,
575 2988 607 3036 R.
626 2985 712 3035 luditur
722 2993 749 3033 ut
759 3001 807 3046 am,
819 2985 852 3033 V.
867 2977 1018 3051 sssslediturut
1031 2991 1116 3044 namen,
1129 2987 1153 3032 d.
1167 3023 1197 3030 -
1212 2980 1264 3029 ede-

144 3069 205 3113 ram,
221 3046 326 3103 ORTd.
345 3053 436 3111 ednas,
453 3057 478 3106 V
496 3051 583 3115 (codd.
603 3052 673 3114 Gel.)
689 3049 741 3117 βγ.
760 3094 792 3102 -
811 3050 1008 3100 medicatissimas
1025 3049 1088 3099 illico
1105 3050 1174 3110 mori,
1191 3050 1264 3098 codd.

145 3119 201 3170 Gel.
220 3119 401 3169 medicatis-rima
413 3120 476 3169 illico
488 3121 554 3180 mori,
566 3123 597 3172 R.
616 3119 814 3169 macilentissimas
825 3117 888 3166 illico
900 3119 969 3179 mari,
980 3121 1004 3168 d.
1023 3116 1206 3166 medicatiesima
1217 3116 1266 3164 sico

144 3187 215 3247 mari,
232 3189 265 3237 V.
290 3230 320 3237 -
344 3187 396 3249 bac,
415 3191 467 3239 Rd.
490 3204 527 3248 aa,
544 3190 577 3239 V.
602 3230 632 3237 ..
657 3186 766 3248 alvariis,
778 3188 811 3236 V.
834 3185 959 3247 alauribie,
971 3187 1002 3235 Β.
1022 3227 1052 3234 -
1077 3183 1136 3244 lina,
1153 3184 1265 3233 VRTd.

146 3254 249 3318 linoque,
261 3251 291 3315 β.
311 3296 341 3305 -
360 3272 411 3303 cum
423 3263 560 3318 coquantur,
573 3257 687 3305 VRTd.
705 3270 756 3303 cum
769 3253 929 3316 inquinantur,
941 3269 961 3304 r.
979 3268 1031 3300 cum
1043 3251 1218 3315 centimanum,
1230 3252 1263 3300 K.

144 3339 195 3370 cum
213 3323 296 3384 quibus
312 3331 434 3387 coquntur,
452 3323 614 3386 inquinantur,
632 3325 704 3373 codd.
717 3322 825 3373 Salmas.
838 3337 920 3372 exerc.
938 3337 963 3385 p.
977 3326 1016 3368 20.
1030 3337 1053 3369 a.
1066 3321 1097 3368 Β.
1116 3335 1167 3366 cum
1179 3318 1265 3381 quibus

144 3388 269 3451 nudantur,
281 3391 443 3453 inquinantur,
454 3391 600 3441 Salmas...
614 3389 727 3451 hebetari,
737 3390 785 3439 Tr.
803 3389 900 3449 ebetari,
909 3389 942 3439 V.
961 3388 1060 3448 ebetare,
1074 3389 1098 3436 d.
1117 3386 1265 3445 hebetescue,

145 3458 169 3505 R
180 3458 266 3518 (codd.
280 3456 349 3518 (iel.)
366 3453 417 3523 βγ.
437 3500 467 3508 ..
491 3466 605 3518 contactu,
618 3459 731 3509 VRTd.
750 3464 889 3517 contactum,
901 3453 952 3519 βγ.
972 3497 1003 3505 ..
1021 3449 1264 3514 adornaverat.

146 3525 234 3574 Omitt.
247 3528 321 3575 codd.
334 3526 391 3576 Gel.
403 3522 433 3587 β.
452 3569 483 3577 ..
502 3535 599 3590 aspectu
615 3525 723 3590 quamvir
734 3523 820 3588 procul
834 3523 935 3585 omnino,
948 3539 969 3573 r.
990 3564 1021 3572 ..
1039 3521 1137 3586 uirqine,
1150 3521 1264 3570 VRTd.

144 3591 259 3654 cirpinea,
271 3589 300 3653 β.
319 3634 349 3643 -
368 3594 456 3642 aetatis
472 3603 560 3658 sponte,
578 3596 640 3646 VB.
663 3592 750 3642 aetatis
765 3599 904 3655 spontanea,
922 3593 976 3642 Τά.
995 3598 1082 3651 aetate,
1095 3587 1132 3653 tp
1139 3604 1169 3653 φ,
1187 3596 1266 3637 aetate

144 3667 282 3721 spontanea,
293 3657 323 3722 β.
342 3661 478 3725 cirpinitate
489 3669 571 3725 sponte
582 3664 714 3725 absumpta,
727 3662 794 3712 Pint.

179 3729 193 3789 ξ
207 3732 246 3775 80.
265 3727 340 3787 Nam,
352 3730 407 3779 VR
419 3728 507 3791 (codd.
520 3729 591 3794 Gel.)
609 3738 641 3791 ut,
655 3730 709 3779 Τὰ.
724 3769 753 3778 ..
768 3727 876 3788 bitumen,
889 3729 933 3778 Τὰ
945 3726 1033 3789 (codd.
1046 3725 1116 3787 Gel.)
1129 3724 1170 3773 ubi
1181 3739 1265 3785 semen,

144 3814 168 3861 R
180 3809 226 3871 (ex
243 3809 322 3871 corr.)
340 3827 355 3858 u
368 3807 485 3874 bi⁸‘men,
498 3815 524 3862 V
540 3811 612 3878 (post
625 3830 640 3861 u
650 3827 703 3863 una
714 3813 806 3874 littera,
819 3821 877 3877 post
888 3812 899 3859 ι’
909 3814 975 3861 duae
985 3813 1103 3860 videntur
1114 3808 1220 3869 erasae).
1234 3850 1264 3857 -

108 3881 116 3896 ⁰
145 3878 168 3926 in
180 3876 280 3933 Iudaea,
294 3880 366 3928 codd.
380 3880 436 3930 Gel.
454 3879 591 3941 Iudaea'in,
601 3883 625 3931 d.
639 3883 727 3932 Omitt.
738 3882 800 3931 VR.
815 3922 845 3929 -
863 3878 908 3927 ltac
920 3878 952 3938 vi,
965 3881 1038 3928 codd.
1049 3878 1106 3929 Gel.
1120 3875 1178 3926 lace
1190 3876 1220 3936 ui,
1231 3877 1264 3926 V.

145 3944 202 3993 laec
214 3945 256 4004 ris,
270 3947 322 3994 lld.
342 3987 372 3994 -
391 3963 510 4010 superare,
522 3950 577 3998 Vd.
597 3989 626 3998 ..
646 3948 716 3996 vura
727 3955 857 4006 contactae,
870 3950 885 3996 d
899 3945 986 4008 (codd.
999 3945 1070 4008 Gel.)
1089 3945 1148 3994 vesti
1158 3952 1265 4004 contecta,

149 4005 208 4062 OV.
227 4012 288 4061 vesti
297 4021 407 4075 contente,
419 4015 444 4063 R
456 4013 566 4076 (litterae
578 4031 596 4062 a
607 4015 689 4065 littera
701 4032 714 4063 c
726 4016 916 4079 suprascripta).
929 4012 974 4062 ltac
986 4013 1010 4062 vi
1021 4021 1103 4077 sponte
1113 4013 1231 4077 superari,
1243 4019 1266 4060 et

145 4081 170 4128 in
179 4079 230 4143 fila
248 4079 310 4129 velut
325 4081 395 4129 vertit
410 4089 530 4130 contextae
547 4081 653 4146 duperpi
668 4080 795 4143 docuimus,
808 4100 827 4132 r.
846 4084 887 4131 Ex
899 4083 1010 4145 vestigiis
1023 4083 1177 4146 optimorum
1191 4082 1264 4130 codd.

145 4150 243 4199 Plinius
248 4148 296 4211 fila
308 4147 378 4197 vestie
390 4164 419 4196 ea
430 4147 478 4210 (sc.
491 4150 540 4199 hac
551 4149 587 4212 ri)
600 4150 702 4211 infectae
713 4151 811 4199 videtur
823 4150 959 4213 scripsisse.
974 4191 1004 4199 -
1019 4148 1138 4199 docuimus
1149 4154 1171 4210 7,
1181 4154 1221 4198 66.
1233 4190 1263 4198 ..

146 4216 193 4277 Ne,
206 4218 231 4266 R
240 4221 270 4268 '·¹d
283 4216 370 4278 (codd.
383 4216 454 4279 Gel.)
472 4216 531 4279 Nec,
546 4212 648 4268 OVR'.
663 4258 692 4266 -
706 4217 763 4282 iqui,
778 4212 857 4267 OBd.
875 4217 937 4282 ipae,
951 4219 974 4268 V
988 4216 1075 4278 (codd.
1088 4215 1160 4280 Gcl.)
1172 4212 1220 4281 fir.
1235 4257 1264 4265 ..

146 4293 270 4347 amarunt,
283 4286 351 4348 VB,
369 4303 392 4334 v.
405 4287 523 4349 Wagner.
538 4289 568 4337 ad
583 4286 680 4349 Vergil.
693 4299 780 4349 georg.
793 4292 817 4347 3,
830 4291 888 4334 419.
