2918 4800
354 259 1070 333 L1n.xxv111.csr.vu.vm.edonare.
1207 277 1268 334 utu
1351 302 1365 315 .

149 450 268 503 metum
283 461 356 501 eum
372 437 498 514 discuti,
516 438 662 502 videlicet
676 440 880 522 praevalente
896 438 1077 523 sympathia
1091 437 1145 501 illa
1163 435 1268 502 Grae-

149 563 273 615 corum,
307 562 380 604 oum
406 538 528 603 rabiem
551 562 663 603 canum
687 539 756 604 eius
784 539 949 625 sanguinis
977 550 1107 624 gustatu
1128 538 1269 623 incipere

149 641 332 706 dixerimus.
358 638 474 706 Cinere
497 664 534 706 eo
557 642 771 705 iumentorum
793 642 935 705 omnium
951 642 1056 706 ulcera
1073 640 1179 704 sanari
1199 662 1269 704 cer-

149 755 215 807 tum
238 754 286 808 est
307 742 416 807 addita
441 743 637 808 caminorum
661 742 765 807 farina
786 755 818 807 et
840 766 927 819 cera,
956 743 1096 806 maculas
1122 752 1229 805 autem
1252 763 1269 802 e

148 857 236 909 veste
259 867 313 908 eas
335 867 399 909 non
421 844 482 908 nisi
505 845 648 909 eiusdem
669 845 763 910 urina
784 846 871 911 ablui
878 872 886 923 ;
917 845 1056 910 cinerem
1078 866 1137 928 per
1159 866 1194 907 se
1216 865 1267 906 ro·
1282 864 1313 908 aa

148 968 240 1012 sacco
271 947 404 1010 mixtum
432 946 621 1010 feminarum
650 948 820 1032 praecipue
851 947 966 1032 capitis
995 947 1121 1011 dolores
1156 944 1268 1009 sedare

147 1048 272 1112 inlitum
295 1048 392 1111 fronti
413 1048 685 1132 asperrimamque
708 1048 771 1112 vim
795 1047 932 1131 profluvi
959 1048 1028 1113 eius
1051 1069 1122 1112 esse
1153 1069 1210 1130 per
1234 1068 1268 1110 se

147 1150 238 1214 annis
260 1149 444 1236 virginitate
467 1149 578 1214 soluta.
609 1150 649 1213 Id
671 1172 798 1233 quoque
819 1150 968 1215 convenit
990 1172 1054 1233 quo
1075 1147 1155 1212 nihil
1177 1148 1267 1230 equi-

147 1250 220 1314 dem
246 1251 396 1316 libentius
422 1252 621 1329 crediderim,
652 1251 745 1316 tactis
772 1253 902 1316 omnino
928 1264 1090 1317 menstruo
1119 1249 1267 1335 postibus

146 1353 259 1417 inritas
280 1353 350 1417 fieri
371 1376 538 1440 magorum
559 1355 647 1429 artis,
672 1355 801 1438 generis
824 1355 997 1431 vanissimi,
1028 1365 1064 1417 ut
1086 1363 1267 1416 aestumare

146 1454 228 1518 licet.
250 1454 374 1517 Ponam
396 1454 481 1518 enim
495 1454 547 1518 vel
568 1454 842 1518 modestissimum
863 1479 880 1519 e
902 1455 1068 1541 promissis
1083 1476 1203 1528 eorum,
1226 1475 1267 1517 ex
1280 1473 1312 1517 aa

147 1554 273 1619 homine
296 1556 453 1638 siquidem
474 1556 654 1642 resegmina
676 1557 835 1643 unguium
856 1580 873 1620 e
896 1557 1032 1641 pedibus
1055 1555 1267 1638 manibusque

146 1677 219 1720 cera
244 1659 402 1741 permixta
427 1658 473 1720 ita
501 1667 537 1720 ut
563 1657 688 1722 dicatur
714 1659 882 1733 tertianae,
910 1669 1085 1740 quartanae
1113 1657 1163 1720 vel
1185 1656 1266 1720 coti-

146 1757 258 1822 dianae
287 1756 370 1823 febri
397 1758 576 1823 remedium
601 1760 713 1841 quaeri
740 1771 814 1824 ante
840 1759 915 1824 solis
942 1771 1048 1822 ortum
1074 1758 1196 1822 alienae
1218 1758 1265 1820 ia-

145 1882 229 1923 nuae
250 1860 349 1944 adfigi
370 1859 482 1924 iubent
503 1860 545 1923 ad
566 1860 707 1924 remedia
734 1861 768 1924 in
795 1861 845 1925 his
866 1859 1000 1936 morbis,
1029 1840 1154 1942 quanta
1174 1859 1266 1922 vani-

146 1971 211 2025 tate
234 1962 261 2025 si
282 1963 396 2026 salsum
419 1971 478 2037 est,
500 1972 620 2044 quauta
641 1983 717 2027 vero
739 1962 836 2026 noxia
858 1963 885 2026 si
907 1961 1101 2026 transferunt
1119 1959 1263 2025 morbosi

145 2062 386 2127 Innocentiores
409 2085 449 2126 ex
470 2062 520 2126 his
542 2062 683 2126 omnium
706 2063 879 2147 digitorum
906 2061 1086 2148 resegmina
1107 2061 1266 2146 unguium

145 2163 187 2226 ad
217 2187 369 2229 cavernas
400 2163 603 2227 formicarum
634 2163 718 2228 obici
748 2163 858 2229 iubent
886 2185 1019 2247 eamque
1048 2185 1131 2246 quae
1162 2162 1265 2246 prima

145 2265 286 2350 eoeperit
300 2265 425 2329 trahere
438 2275 622 2348 conreptam
638 2265 782 2329 subnecti
797 2266 877 2329 collo
885 2291 894 2343 3
913 2266 959 2328 ita
973 2264 1092 2328 discuti
1107 2263 1263 2327 morbum.

186 2365 282 2430 VIH.
312 2368 363 2430 24.
392 2365 485 2430 Haec
513 2377 588 2430 sunt
615 2387 698 2448 quae
726 2365 875 2430 retulisse
904 2368 952 2430 fas
981 2365 1022 2429 sit
1048 2354 1093 2430 ac¹
1111 2363 1264 2448 pleraque
1277 2378 1308 2425 at

144 2489 207 2530 non
230 2467 291 2530 nisi
312 2467 432 2530 honore
454 2467 555 2541 dict03
579 2467 702 2550 reliqua
724 2467 928 2543 intestabilia‚
950 2466 1092 2542 infanda,
1114 2476 1150 2529 ut
1171 2465 1263 2528 iesti-

144 2580 198 2631 net
219 2569 318 2631 oratio
340 2569 380 2634 ab
402 2569 530 2633 homine
552 2569 681 2653 fugere3
704 2569 737 2631 in
761 2569 877 2633 ceteris
898 2569 1057 2633 claritates
1079 2566 1264 2630 animalium

145 2681 199 2731 aut
220 2691 354 2752 operum
377 2691 557 2752 sequemur.
590 2669 761 2753 Elephanti
785 2670 931 2755 sanguis,
960 2669 1133 2753 praecipue
1153 2666 1263 2743 maris,

144 2769 310 2834 fluctiones
331 2792 441 2834 omnes
469 2792 550 2853 quas
572 2770 815 2835 rheumatismos
837 2772 951 2836 vbcant
973 2769 1066 2833 sistit.
1098 2768 1263 2834 Rementis
1277 2782 1309 2828 aa
1367 2842 1369 2846 .

145 2977 287 3028 Confirmat
299 2980 330 3028 T.
349 2979 441 3036 inserte,
453 2981 484 3029 R.
503 2979 612 3036 insertae,
625 2980 658 3030 V.
676 2979 773 3040 inserta,
786 2983 891 3030 Barbar.
905 2976 976 3042 dssr.
990 3020 1021 3030 -
1034 2979 1122 3044 aspris,
1136 2974 1169 3029 V.
1187 2978 1263 3043 aaqri,

144 3041 242 3109 nostr.
256 3086 287 3095 ..
301 3054 324 3094 et
335 3047 463 3110 iquoranti,
475 3049 559 3097 VRd.
577 3045 652 3096 aliam
666 3047 794 3111 iquorem,
806 3063 826 3097 r.
841 3088 871 3097 ..
885 3045 1001 3108 Icaridos,
1013 3048 1075 3097 VR.
1093 3043 1225 3105 Iciatidas,
1238 3047 1262 3096 d.

144 3154 175 3162 ..
195 3122 324 3175 quartana,
337 3116 361 3163 d.
382 3155 411 3163 ..
423 3113 499 3174 finiri
508 3113 577 3174 coitu,
590 3115 674 3165 VBd.
692 3114 838 3176 coitufiniri,
851 3111 903 3178 βγ.
923 3150 953 3164 .„
972 3113 1102 3178 propendat,
1115 3115 1159 3163 13¹.

178 3199 247 3260 §Bt
266 3197 357 3246 lacinia
373 3206 488 3246 menstruo
506 3199 578 3247 tincta
597 3196 648 3258 tali,
660 3201 692 3248 K.
713 3239 744 3247 ..
766 3206 858 3258 rnatum,
875 3200 908 3248 R.
932 3206 999 3258 meta,
1011 3199 1065 3248 Vd.
1085 3236 1116 3246 ..
1135 3195 1263 3244 dixerimus

146 3269 168 3325 7,
181 3271 220 3314 64.
235 3266 480 3324 -evesreeas,1z¹.
499 3265 605 3324 caestius,
619 3266 669 3314 V‘2.
688 3265 864 3328 eiceaesteneas,
877 3266 966 3316 V¹R¹.
984 3263 1067 3313 eiiciet.
1085 3263 1179 3323 Tenios,
1192 3265 1215 3312 d.
1230 3304 1261 3312 ..

143 3331 214 3387 ablui,
231 3327 341 3382 OVRd.
360 3331 415 3392 elui,
427 3329 455 3393 β.

177 3417 190 3478 ξ
204 3421 244 3466 85.
263 3432 287 3464 se
299 3432 402 3477 rosaceo,
414 3419 462 3468 3².
480 3432 585 3477 soraceo,
598 3416 663 3467 VR'
672 3417 695 3466 d.
709 3457 739 3466 -
753 3403 846 3465 dolores
857 3415 950 3477 sedare,
963 3415 1047 3465 VRd.
1065 3410 1150 3462 sedare
1162 3408 1262 3472 dolores,

142 3478 193 3547 βγ.
214 3524 244 3532 ..
259 3500 344 3547 perse
361 3485 437 3544 annis,
455 3485 536 3534 RTd.
552 3499 598 3547 pro
613 3498 638 3532 se
655 3482 733 3544 annis,
754 3472 814 3533 &Vi
834 3483 920 3548 primis
935 3483 1013 3542 annis,
1024 3477 1053 3543 β.
1079 3523 1109 3530 -
1133 3478 1218 3540 soluta,
1230 3482 1261 3531 R.

143 3548 253 3611 resoluta,
270 3543 380 3603 OVTu.
400 3595 430 3602 -
450 3550 521 3615 quod,
533 3552 616 3601 VRd.
637 3592 667 3601 ..
686 3551 787 3613 onaenino,
800 3551 849 3602 R'l.
868 3550 938 3613 omni,
950 3550 1076 3600 VR¹Td.
1101 3564 1111 3586 ²

178 3635 193 3695 ἓ
207 3641 248 3686 86.
266 3634 357 3696 Poeno,
370 3640 414 3688 3¹.
435 3678 464 3687 ...
483 3637 532 3686 resi
546 3636 620 3698 mina,
633 3636 689 3686 Vd.
714 3676 744 3685 ..
767 3643 901 3700 quartanae
917 3633 954 3684 uel
970 3630 1110 3694 cotidianae,
1128 3634 1208 3684 RTd.
1227 3630 1264 3697 vel

143 3700 296 3766 quotidianae
308 3703 345 3752 ael
355 3713 497 3766 quartanae,
538 3700 589 3770 βγ.
610 3745 641 3754 ..
660 3703 745 3767 quaeri
755 3702 889 3765 remedium,
903 3704 934 3753 T.
951 3744 982 3753 ..
1002 3701 1047 3764 irs,
1059 3703 1091 3751 V.
1109 3699 1147 3761 iis,
1160 3695 1262 3763 Rdssy.

142 3811 173 3818 -
194 3777 285 3832 quanta
297 3787 358 3832 uero,
371 3773 416 3821 R'.
435 3779 561 3834 quantave,
574 3766 721 3836 vamur.
741 3812 771 3821 -
796 3771 875 3832 noxia,
892 3763 979 3820 OVR.
997 3785 1068 3829 nora,
1080 3769 1147 3819 Pina.
1161 3763 1210 3828 ᾶβ.
1232 3808 1262 3817 .-

142 3835 323 3896 innocentiores,
332 3839 466 3888 VRTad.
485 3838 520 3888 ad
530 3839 706 3900 innocentiores,
717 3834 739 3900 β
750 3842 783 3889 ad
795 3840 923 3902 superiora
934 3837 1051 3888 referans.
1064 3837 1201 3886 Rationem
1212 3835 1262 3884 loci

142 3905 337 3969 interpungendi
349 3905 399 3954 iam
411 3907 522 3956 Pintian.
533 3907 671 3971 perspexit.
689 3904 724 3954 od
739 3902 905 3955 innocentiores
924 3921 954 3954 aa
970 3904 1007 3954 iis.
1024 3900 1101 3953 Iidem
1119 3920 1148 3951 ex
1159 3902 1263 3952 omnibus

143 3969 225 4035 diqi'tis
237 3971 375 4034 reseqmina,
387 3972 419 4021 K.
438 4013 469 4022 ..
489 3973 625 4036 resiqmina,
637 3974 690 4023 Rd.
711 4013 740 4022 ..
760 3971 826 4034 obici,
840 3974 890 4022 V'2.
914 3971 976 4032 ibici,
993 3971 1041 4020 V'.
1064 3969 1144 4032 obiici,
1160 3965 1261 4036 Rdssr.

144 4079 174 4087 -
193 4055 245 4087 earn
258 4053 351 4102 quaque
360 4038 449 4102 prima,
462 4040 495 4089 V.
514 4080 544 4089 ..
565 4036 626 4101 aulo,
638 4040 671 4088 V.
691 4080 720 4090 ..
741 4048 763 4087 et
774 4040 817 4101 ita,
829 4041 861 4090 K.
883 4080 912 4089 ..
931 4038 1069 4100 morborum,
1082 4040 1126 4088 R'.

176 4122 191 4182 ᾗ
204 4129 244 4174 87.
261 4121 384 4186 pleraque,
396 4124 492 4173 R¹Td.
508 4123 625 4186 pleraque,
638 4125 671 4173 V.
690 4123 806 4187 pleraque
821 4140 850 4172 err
867 4123 911 4184 his,
924 4125 972 4173 Ra
994 4122 1107 4186 pleraque
1119 4139 1148 4171 ea
1159 4122 1197 4181 iis,
1210 4118 1261 4185 βγ.

143 4230 172 4238 ..
193 4189 302 4253 reiiqur'd,
315 4193 347 4241 V.
369 4232 398 4240 -
418 4189 529 4254 infanda,
544 4192 627 4241 VRd.
645 4198 667 4238 et
679 4188 788 4255 infanda,
800 4187 851 4254 βγ,
872 4231 902 4240 -
921 4192 952 4238 ab
969 4190 1164 4255 hominesuqere,
1177 4190 1261 4239 VRd.

143 4257 263 4321 abfuqere,
277 4259 307 4308 Τ.
328 4299 359 4308 ..
378 4257 503 4321 sequimur,
516 4260 562 4309 R'.
580 4273 736 4321 sequeremur,
747 4260 797 4309 3².
818 4298 847 4308 ..
859 4257 1020 4322 stuanonibur,
1031 4259 1077 4308 1³¹.
