2918 4800
429 280 499 328 nm.
517 280 603 327 xxv.
633 277 751 326 cunr.
767 280 804 327 11.
834 277 932 327 sucu.
950 281 1005 324 mr.
1214 261 1274 326 105

152 453 247 499 curae
267 431 447 519 priscorum
470 430 716 518 diligentiaeque
737 429 878 496 animum
899 429 978 517 agit.
1010 427 1098 494 Nihil
1121 450 1200 518 ergo
1222 429 1273 493 iu·-

151 542 342 620 temptatum
363 531 630 617 inexpertumque
651 530 715 597 illis
737 530 807 609 fuit,
836 529 916 594 nihil
942 529 1059 595 deinde
1081 531 1275 596 occultatum

151 655 280 718 quoque
301 653 366 698 non
387 633 540 719 prodesse
562 632 698 718 posteris
726 631 860 710 vellent;
891 641 923 696 at
948 653 1007 697 nos
1035 630 1198 697 elaborata
1224 630 1275 696 his

153 734 350 801 abscondere
365 744 461 820 atque
477 733 678 821 supprimere
694 733 842 818 cupimus
858 743 890 798 et
903 732 1052 798 fraudare
1067 733 1164 798 vitam
1180 732 1276 797 etiam

152 836 264 900 alienis
293 835 395 902 bonis.
431 834 482 899 Ita
510 846 595 901 certe
623 834 801 900 recondunt
828 835 883 921 qui
904 856 1008 922 pauca
1030 834 1137 917 aliqua
1158 853 1304 899 noverea

153 936 334 1002 invidentes
356 935 438 1016 aliis,
461 946 494 1002 et
515 936 673 1002 nemiuem
694 935 809 1002 docere
830 936 864 1000 in
885 935 1103 1001 auctoritatem
1126 935 1276 1001 scientiae

154 1048 212 1103 est.
245 1037 387 1103 Tantum
416 1035 457 1102 ab
484 1037 706 1126 excogitandis
731 1036 824 1103 novis
850 1059 888 1102 ac
917 1036 1057 1101 iuvanda
1083 1037 1150 1102 vita
1171 1059 1277 1102 mores

154 1137 284 1217 absunt,
313 1161 534 1225 summumque
560 1161 643 1227 opus
669 1139 872 1226 ingeniorum
899 1137 955 1203 diu
981 1138 1045 1202 iam
1071 1137 1132 1202 hoc
1157 1137 1219 1203 fuit
1240 1147 1278 1203 ut

95 1250 98 1255 '
152 1241 238 1305 intra
258 1262 519 1325 unumquemque
540 1251 627 1308 recte
654 1241 741 1306 faeta
766 1250 913 1306 veterum
933 1240 1085 1326 perirent.
1121 1239 1168 1303 At
1188 1239 1276 1305 Her-

105 1342 115 1359 ‘
155 1341 242 1407 cules
274 1340 401 1428 singula
432 1342 588 1427 quosdam
619 1343 749 1408 inventa
780 1341 914 1407 deorum
946 1363 1080 1406 numero
1111 1340 1275 1420 addidere,

154 1442 296 1508 omnium
317 1442 427 1528 utique
449 1443 548 1509 vitam
570 1442 737 1510 clariorem
766 1444 872 1510 fecere
895 1442 1138 1529 cognominibus
1159 1441 1276 1508 herba-

153 1565 240 1624 rum,
268 1555 333 1610 tam
360 1544 499 1632 benigne
527 1546 664 1632 gratiam
691 1545 845 1611 memoria
871 1543 1039 1610 referente.
1074 1543 1147 1610 Non
1174 1563 1306 1629 aeqnea

153 1644 232 1710 haec
253 1668 330 1712 cura
352 1666 464 1711 eorum
491 1647 573 1712 mira
595 1647 698 1713 estin
719 1646 873 1730 hisquae
896 1655 967 1711 satu
988 1645 1197 1712 blandiuntur
1219 1655 1275 1709 aut

154 1744 225 1811 cibo
245 1745 399 1826 invitaut3
428 1747 565 1813 eulmina
593 1770 722 1834 quoque
750 1748 906 1813 montium
927 1747 1015 1813 invia
1037 1757 1069 1813 et
1091 1747 1277 1814 solitudines

153 1844 279 1912 abditas
300 1847 465 1933 omnisque
487 1858 592 1915 terrae
613 1849 712 1915 fibras
735 1848 867 1916 scrutati
893 1849 1047 1914 invenere
1075 1848 1154 1933 quid
1176 1869 1276 1933 quae-

154 1967 216 2031 que
237 1947 331 2013 radix
351 1950 498 2035 polleret,
528 1950 569 2015 ad
590 1972 672 2035 qnos
693 1973 772 2016 usus
800 1948 972 2014 herbarum
993 1950 1047 2015 fila
1068 1950 1276 2035 pertinerent,

155 2049 251 2114 etiam
272 2050 508 2136 quadripedum
529 2051 649 2137 pabulo
670 2053 789 2117 intacta
811 2051 853 2115 ad
875 2050 986 2115 salutis
1008 2072 1087 2116 usus
1102 2060 1276 2115 vertentes.

196 2149 241 2216 11.
264 2154 295 2216 2.
316 2150 429 2217 Minus
451 2151 513 2217 hoc
527 2173 623 2237 quam
643 2174 704 2237 par
718 2162 787 2217 erat
800 2151 901 2218 nostri
917 2150 1121 2217 celebravere
1136 2151 1307 2217 omniumr

154 2251 328 2317 utilitatum
351 2263 383 2318 et
405 2253 558 2318 virtutum
587 2253 798 2340 rapacissimi,
826 2253 1015 2338 primusque
1046 2265 1078 2319 et
1107 2253 1163 2318 diu
1191 2253 1278 2319 solus

154 2352 240 2418 idem
260 2353 314 2419 ille
328 2353 377 2420 M.
395 2351 489 2433 Cato,
512 2354 655 2420 omnium
668 2354 824 2421 bonarum
845 2355 962 2420 artium
976 2355 1141 2441 magister,
1164 2354 1277 2440 paucis

155 2454 320 2519 dumtaxat
340 2455 457 2542 attigit,
480 2455 577 2522 boum
593 2457 687 2522 etiam
702 2456 861 2522 medicina
881 2479 945 2523 non
960 2458 1087 2522 omissa.
1109 2457 1190 2524 Post
1203 2480 1278 2523 eum

154 2579 239 2622 unus
266 2556 449 2622 inlustrium
477 2559 644 2645 temptavit
672 2557 710 2623 C.
740 2557 878 2643 Valgius
907 2558 1085 2625 eruditione
1113 2568 1277 2644 spectatus

153 2656 331 2744 inperfecto
366 2657 526 2725 volumine
560 2659 601 2723 ad
628 2658 738 2724 divom
765 2660 969 2748 Augustum,
1000 2661 1150 2726 inchoata
1181 2661 1278 2726 etiam

154 2759 353 2843 praefatione
374 2760 526 2849 religiosa
546 2771 583 2826 ut
603 2760 750 2838 omnibus
772 2762 864 2827 malis
890 2762 1039 2829 humanis
1065 2762 1152 2829 illius
1173 2761 1277 2850 potis-

157 2860 272 2927 simum
292 2860 448 2948 principis
470 2885 596 2949 semper
616 2863 800 2929 mederetur
821 2863 979 2929 maiestas.

197 2964 228 3027 3.
258 2962 368 3029 Antea
389 2965 577 3031 condiderat
599 2965 686 3030 solus
708 2964 796 3051 apud
815 2987 885 3044 nos,
908 2966 995 3052 quod
1016 2967 1165 3051 equidem
1185 2967 1307 3034 inve-s

159 3163 219 3221 GV.
237 3169 351 3235 quodque,
363 3175 436 3237 Tar.
454 3189 568 3237 quaeque,
581 3174 605 3223 d.
623 3170 694 3236 quod,
705 3168 734 3235 β.
753 3214 785 3222 -
803 3171 844 3236 ad,
856 3175 890 3224 V.
903 3214 934 3224 ..
953 3173 997 3234 lus,
1012 3166 1113 3224 OVad.
1131 3172 1170 3235 its,
1181 3167 1231 3238 βγ.
1246 3213 1277 3223 .-

155 3245 233 3302 atque,
246 3239 279 3289 V.
297 3256 333 3301 ac,
346 3242 390 3290 ad.
410 3280 442 3290 ..
459 3241 596 3305 reprimere,
607 3241 642 3291 V.

190 3309 240 3368 §2
264 3307 337 3369 noum,
350 3310 394 3358 ad.
420 3309 540 3371 nobiaV.
559 3350 591 3359 ..
613 3307 826 3369 octavamque
842 3304 928 3369 (codd.
941 3305 1011 3369 (iol.)
1037 3305 1220 3370 adiuvandae.
1244 3307 1280 3357 ad

156 3372 318 3424 adiuvandam
334 3375 415 3437 vitam,
427 3392 447 3425 r.
466 3416 498 3426 ..
517 3374 632 3439 fuitum,
645 3377 670 3425 d.
689 3416 720 3424 -
743 3373 912 3437 AtHerculee‚
925 3376 969 3425 ad.
995 3373 1039 3424 Ad
1054 3374 1170 3436 luculos,
1183 3377 1216 3427 V.
1242 3374 1279 3425 At

156 3440 255 3503 hecale,
266 3437 295 3503 β.
315 3484 346 3492 ..
364 3459 452 3561 genero,
464 3446 498 3495 V.
517 3485 547 3494 -
569 3443 678 3504 omnium,
690 3444 759 3494 Vad
771 3441 857 3508 (codd.
870 3441 940 3506 (iel.)
956 3443 1015 3496 Om.
1027 3460 1046 3494 r.
1073 3441 1197 3506 hminum,
1210 3445 1277 3495 Pint.

157 3549 188 3558 ..
207 3509 351 3572 memoriam,
395 3513 420 3561 (1.

190 3575 246 3637 §ta
276 3578 339 3627 mira
354 3585 396 3640 est,
413 3578 527 3631 Gronov.
558 3577 620 3628 mira
636 3578 666 3643 si,
683 3576 835 3644 VTaddp.
865 3579 929 3629 mira
944 3577 993 3643 sed,
1009 3577 1056 3645 dp.
1085 3579 1148 3628 mira
1164 3586 1230 3641 esset,
1247 3575 1276 3642 β.

156 3643 265 3710 ηιίνα,γ.
285 3687 316 3695 ..
344 3653 394 3708 aut,
411 3663 433 3697 a.
461 3647 594 3708 ae‚VTd.
614 3689 645 3697 ..
672 3645 993 3713 culmianTudddpp.
1019 3647 1063 3697 sed
1077 3642 1226 3708 culmumss.
1246 3688 1276 3698 ..

155 3709 261 3775 additas,
274 3715 307 3764 V.
331 3755 361 3764 -
388 3714 583 3779 enumquam
607 3755 635 3765 ..
664 3723 792 3777 scrutatur,
803 3718 827 3767 d.
847 3758 877 3767 -
903 3731 1015 3780 quaeque,
1028 3717 1084 3766 Vd.
1111 3729 1226 3778 nequae.
1246 3757 1276 3765 -

148 3777 209 3841 fila,
222 3781 266 3829 ad.
277 3779 348 3844 silae,
360 3783 394 3831 V.
405 3781 481 3846 solio,
493 3777 543 3846 βγ.

190 3849 241 3909 §t
265 3855 385 3910 parerat,
398 3851 451 3900 Va.
475 3857 569 3913 pareat,
582 3853 606 3900 d.
626 3891 657 3900 -
683 3849 828 3912 utilitatium,
841 3852 874 3901 V.
894 3891 925 3900 -
949 3849 996 3911 M,
1013 3865 1064 3899 om.
1077 3850 1110 3901 V.
1132 3890 1157 3898 ..
1184 3850 1208 3899 in
1222 3867 1277 3914 per-

148 3912 223 4029 secqio,
240 3906 268 3963 θ.
288 3954 323 4042 .β
338 3913 453 3978 inchoato,
465 3918 499 3966 V.
519 3958 549 3967 ..
573 3934 673 3980 semper,
685 3933 737 3968 om.
750 3935 769 3968 r.
790 3958 820 3967 ..
843 3916 980 3980 mederetur,
992 3918 1045 3969 Ta.
1068 3915 1180 3982 medetur,
1196 3910 1276 3970 OVd.

156 3996 191 4029 nee
210 3988 289 4043 eretur,
324 4018 329 4030 .

190 4050 205 4112 ᾖ
218 4053 240 4099 5.
260 4047 384 4110 inueniam,
394 4051 477 4102 VTd.
496 4050 581 4113 inveni,
594 4047 663 4115 adr.
682 4052 782 4103 Usitata
793 4060 830 4103 ost
841 4053 905 4102 haec
917 4053 1000 4104 Plinio
1013 4053 1111 4105 dieermi
1123 4055 1188 4105 ratio
1203 4060 1242 4118 18,
1253 4062 1277 4106 8.

157 4120 198 4176 21,
214 4122 252 4167 13.
271 4119 411 4180 eodemque
428 4120 505 4168 modo
525 4119 591 4168 dixit
607 4133 668 4181 quoe
685 4118 778 4182 quidem
796 4119 921 4169 invenerim
942 4125 980 4181 1³,
995 4128 1048 4183 82,
1071 4119 1135 4185 quod
1151 4121 1277 4172 invenerim

159 4185 198 4244 17,
210 4189 274 4246 137,
287 4181 352 4248 quod
362 4183 465 4249 equidem
478 4184 639 4235 adnotaveram
654 4193 676 4248 8,
692 4193 755 4247 153,
785 4185 832 4236 uod
842 4187 946 4251 equidem
958 4188 1031 4238 seiam
1045 4196 1084 4252 12,
1098 4196 1137 4241 55.
1159 4197 1197 4253 13,
1211 4196 1277 4251 119,

157 4249 221 4312 quod
229 4251 262 4301 u't
272 4261 350 4301 notum
363 4258 387 4317 4,
400 4259 440 4306 at.
458 4255 499 4305 De
512 4255 643 4306 simillimo
655 4255 700 4305 illo
712 4270 757 4319 quo
786 4254 896 4306 miremur
907 4258 1017 4310 diximus
1028 4260 1060 4310 ad
1072 4264 1114 4321 8³,
1126 4265 1166 4310 ³8.
