2918 4800
435 274 503 319 ine.
521 274 620 319 xxix.
652 272 767 318 cumr.
786 274 821 318 11.
853 273 950 318 sacr.
967 275 985 315 s.
1001 275 1020 317 o.
1226 257 1288 320 343

165 440 291 492 veteres
313 424 451 490 Romani
475 425 571 490 etiam
587 424 769 510 religiosam
784 423 924 488 habuero
939 424 1042 509 postis
1057 447 1077 486 a
1091 424 1286 490 nubentibus

164 528 280 615 attingi
301 525 457 604 iubentes,
480 537 671 611 praeterque
694 525 813 589 cultum
836 539 868 590 et
888 525 1020 589 tutelam
1040 537 1150 590 contra
1164 526 1287 613 frigora

165 629 295 694 sucidae
318 628 466 711 pluruma
488 637 653 712 praestant
674 628 814 691 remedia
836 649 876 689 ex
898 628 968 691 oleo
991 627 1129 711 vinoque
1144 638 1198 691 aut
1211 650 1285 692 aoe-

165 743 208 808 to,
231 741 327 816 prout
348 750 493 812 quaeque
522 729 653 794 mulceri
681 729 860 793 morderive
889 751 969 813 opus
1000 729 1041 793 sit
1069 741 1100 793 et
1129 729 1285 815 adstringi

163 831 323 908 laxarive,
349 830 467 895 luxatis
496 830 649 896 membris
676 829 920 913 dolentibusque
942 832 1049 895 nervis
1074 831 1231 916 inpositae
1253 842 1286 895 et

162 933 273 998 crebro
287 931 450 996 subfusae.
474 930 614 1013 Quidam
637 943 668 996 et
692 932 789 996 salem
804 931 980 997 admiscent
992 932 1121 1010 luxatis,
1144 932 1198 996 alii
1212 955 1285 997 cum

162 1034 235 1098 lana
264 1043 366 1098 rutam
396 1034 504 1098 tritam
531 1035 721 1119 adipemque
750 1033 924 1118 inponunt,
947 1034 1023 1098 item
1045 1035 1210 1098 contunsis
1232 1044 1283 1098 tu-

162 1136 396 1219 mentibusque.
433 1134 565 1200 Halitus
594 1158 721 1219 quoque
749 1134 815 1199 oris
837 1134 993 1220 gratiores
1020 1135 1124 1200 facere
1147 1135 1326 1199 traditura}
1387 1161 1389 1166 ’

163 1237 344 1303 confricatis
366 1237 516 1300 dentibus
545 1247 637 1321 atque
659 1236 816 1323 gingivis,
845 1236 988 1300 admixto
1016 1236 1124 1311 melle3
1153 1237 1285 1322 prodest

162 1348 193 1403 et
214 1337 409 1424 phreneticis
432 1338 551 1402 suffitu.
580 1336 780 1426 Sanguinem
801 1338 835 1401 in
858 1337 990 1403 naribus
1014 1339 1099 1403 sistit
1121 1361 1194 1403 cum
1215 1338 1284 1402 oleo

162 1461 303 1516 rosaceo,
326 1439 441 1503 etalio
463 1440 558 1504 modo
580 1439 682 1503 indita
702 1438 834 1505 auribus
858 1440 1015 1525 opturatis
1031 1440 1182 1525 spissius3
1205 1438 1284 1522 quin

162 1552 194 1604 et
215 1540 376 1604 ulceribus
404 1541 537 1606 vetustis
565 1541 731 1625 inponitur
758 1563 831 1606 cum
859 1542 965 1617 melle3
997 1543 1126 1606 volnera
1148 1562 1187 1603 ex
1209 1541 1283 1605 vino

161 1640 211 1706 vel
238 1653 327 1706 aceto
354 1642 405 1707 vel
432 1665 516 1726 aqua
543 1644 662 1732 frigida
690 1654 721 1710 et
750 1643 820 1707 oleo
842 1665 995 1728 expressa
1023 1653 1124 1708 sanat.
1161 1642 1284 1707 Arietis
1297 1658 1329 1701 aa

161 1743 280 1807 vellera
305 1743 373 1807 luta
399 1742 518 1828 frigida
546 1767 586 1808 ex
608 1745 678 1808 oleo
699 1743 879 1808 madefacta
900 1743 933 1808 in
961 1744 1170 1810 muliebribus
1192 1743 1284 1807 malis

161 1843 425 1908 inflammationes
446 1844 559 1908 volvae
583 1845 697 1909 sedant
719 1857 761 1922 et,
786 1845 813 1909 si
834 1846 1018 1930 procidant,
1047 1845 1159 1909 suffitu
1181 1845 1282 1930 repri-

161 1960 262 2010 munt.
300 1941 420 2009 Sucida
441 1946 514 2009 lana
535 1944 675 2029 inposita
697 1945 888 2029 subditaque
910 1957 1051 2010 mortuos
1072 1954 1184 2031 partus
1206 1964 1282 2009 evo-

161 2057 229 2122 cat3
258 2046 342 2110 sistit
363 2047 459 2110 ctiam
481 2046 639 2130 profluvia
660 2068 784 2122 earum;
812 2059 846 2109 at
873 2047 961 2111 oanis
983 2045 1102 2111 rabiosi
1124 2045 1283 2110 morsibus

159 2148 319 2212 inculcata
340 2158 414 2232 post
435 2147 521 2211 diem
543 2161 726 2232 septumum
753 2148 896 2212 solvitur.
932 2147 1097 2212 Reduvias
1125 2158 1219 2212 sanat
1242 2170 1283 2212 ex

56 2297 60 2301 -
160 2270 245 2332 aqua
265 2248 384 2334 frigida
391 2274 400 2325 3
426 2249 537 2313 eadem
550 2249 645 2325 nitro,
667 2247 830 2332 sulphure,
853 2251 933 2325 oleo,
949 2261 1049 2327 aceto,
1073 2251 1146 2334 pice
1160 2248 1283 2333 liquida

160 2349 410 2414 fervescentibus
432 2351 532 2415 tincta
553 2371 649 2433 quam
671 2349 863 2414 calidissima
884 2349 1025 2434 inposita
1052 2351 1102 2414 bis
1125 2351 1176 2415 die
1198 2352 1281 2415 lum-

160 2448 274 2514 borum
295 2451 425 2515 dolores
448 2451 549 2515 sedat.
589 2449 683 2516 Sistit
713 2461 745 2516 et
772 2451 962 2536 sanguinem
989 2475 1029 2516 ex
1051 2452 1150 2516 ariete
1172 2449 1327 2515 sucidam

161 2551 312 2616 articulos
335 2553 573 2618 extremitatum
586 2553 781 2642 praeligans.
804 2553 1045 2618 Laudatissima
1065 2552 1168 2616 omnis
1184 2575 1201 2616 c
1216 2550 1281 2616 ool-

160 2653 201 2729 lo,
223 2653 351 2719 natione
367 2677 441 2719 vero
456 2652 613 2733 Galatica,
630 2654 815 2732 Tarentina,
832 2655 950 2732 Attica,
967 2652 1104 2719 Milesia.
1128 2649 1281 2718 Sucidam

160 2753 318 2837 inponunt
339 2767 371 2819 et
392 2756 625 2840 desquamatis,
648 2755 829 2842 percussis,
851 2755 978 2832 lividis,
1002 2755 1155 2833 incussis,
1180 2754 1280 2820 conli-

162 2855 224 2931 sis,
254 2856 415 2934 contritis,
441 2859 591 2936 deiectis,
618 2858 732 2944 capitis
759 2867 791 2922 et
817 2856 888 2921 aliis
916 2856 1098 2934 doloribus,
1127 2855 1281 2921 stomachi

162 2956 402 3021 inflammationi
424 2981 465 3023 ex
487 2970 577 3025 aceto
600 2970 632 3024 et
653 2981 794 3024 rosaceo.
818 2956 909 3023 Cirris
932 2957 1001 3022 eius
1023 2957 1168 3022 inlinitur
1189 2957 1280 3021 attri-

163 3058 216 3132 tis,
239 3058 422 3136 volneratis,
446 3060 603 3124 ambustis
610 3084 619 3134 3
643 3060 728 3123 etin
750 3060 913 3123 oculorum
935 3059 1168 3123 medicamenta
1190 3057 1281 3120 addi·

161 3238 258 3292 quaest.
271 3230 370 3292 epistol.
381 3237 404 3288 2,
414 3236 447 3291 3.,
457 3234 526 3295 qnod
538 3231 765 3294 probatWyttonb.
778 3231 810 3278 ad
819 3231 949 3280 Plutarch.
963 3238 1058 3293 quaest.
1071 3230 1144 3279 Rom.
1158 3245 1182 3292 p.
1193 3233 1251 3278 271.
1264 3229 1280 3278 f.

160 3299 226 3347 Mihi
238 3298 324 3360 potins
336 3299 500 3346 enubentibus
516 3298 537 3346 ie
552 3294 574 3360 (i
588 3312 609 3346 e.
622 3299 660 3358 iis,
673 3296 751 3359 lanis)
764 3296 859 3361 accingi
876 3297 977 3345 iubentes
993 3297 1154 3346 scribendum
1166 3298 1280 3357 videtur;

160 3366 197 3414 nti
210 3366 236 3415 h.
249 3366 266 3413 l.
279 3375 366 3428 postes
378 3367 443 3416 lanis
455 3367 583 3415 accinctae
595 3367 720 3422 dicuntur,
736 3366 772 3413 ita
788 3363 907 3412 accinctus
922 3364 1019 3427 gemmis
1028 3362 1178 3428 fabentibus
1193 3363 1255 3411 ench
1266 3380 1282 3412 a

160 3433 265 3482 Valerio
277 3434 371 3483 Flacco
385 3440 408 3494 5,
421 3440 478 3483 514.
489 3474 520 3484 ..
530 3431 635 3491 sucidae,
647 3449 670 3482 v.
683 3434 802 3484 Dioscor.
816 3437 839 3491 2,
852 3436 892 3482 82.
913 3473 943 3480 ..
962 3430 1064 3490 mulceri,
1077 3432 1179 3481 VR2d.
1198 3430 1281 3479 mulee-
1326 3439 1331 3453 '

161 3499 226 3561 rique
238 3508 271 3561 ut,
283 3501 328 3550 Rl.
346 3542 377 3550 -
397 3499 551 3563 morderique,
563 3502 673 3551 VRTd.
694 3541 723 3548 -
744 3498 923 3562 volentibusque,
937 3500 999 3550 VR.
1018 3498 1201 3561 columbosque,
1214 3501 1238 3547 d.
1250 3539 1280 3546 -

62 3582 81 3615 κ
161 3575 183 3614 et
193 3565 275 3630 subm,
285 3570 389 3618 VRdr.
408 3566 571 3630 clientulam,
582 3563 605 3629 β
609 3582 635 3632 γ.

195 3662 263 3722 531.
281 3659 372 3719 Alifae,
386 3662 418 3710 V.
443 3700 474 3710 ...
496 3659 579 3721 mellis,
596 3663 645 3710 R2.
671 3701 701 3709 ..
725 3658 808 3708 etalio
824 3658 891 3707 modo
908 3658 992 3721 indito,
1009 3661 1054 3708 Rd
1071 3658 1158 3722 (codd.
1172 3654 1242 3718 Gel.)
1260 3665 1282 3705 et

160 3724 210 3773 ulio
221 3724 296 3786 modo,
308 3730 341 3778 V.
361 3726 438 3777 indita
449 3736 472 3776 et
483 3726 532 3776 alio
543 3727 618 3789 ηιοᾶο,
631 3729 662 3778 Τ.
682 3735 704 3775 et
715 3727 774 3776 allio
786 3725 876 3776 modico
889 3725 971 3788 indito,
985 3743 1004 3776 r.

194 3816 209 3876 ξ
221 3823 262 3866 32.
280 3817 505 3882 vellerumque.
524 3819 607 3869 vellere
619 3819 676 3882 luta,
690 3820 753 3870 VT.
772 3819 859 3868 uellera
872 3819 928 3879 lota,
941 3815 991 3883 βγ.
1006 3861 1036 3868 ..
1050 3817 1194 3880 mulieribus,
1207 3819 1238 3867 R.
1248 3860 1279 3868 ..

161 3882 342 3946 Succidolanu‚
359 3891 383 3938 d.
405 3886 525 3938 succidae
542 3887 620 3951 lanae,
640 3883 668 3936 θ.
692 3886 783 3939 Sucida
800 3887 865 3949 lurra,
881 3888 942 3937 VR.
969 3927 999 3936 ..
1022 3893 1109 3942 euocat,
1127 3890 1150 3937 d.
1174 3894 1278 3947 evocant,

163 3945 253 4002 OVR.
273 3993 304 4001 ..
322 3969 411 4014 earum,
423 3955 506 4004 VRd.
525 3954 655 4017 vulvarum,
668 3973 687 4005 r.
708 3997 737 4004 ..
757 3956 857 4016 aava.
877 3962 906 4015 et,
919 3955 979 4003 BT.
1000 3995 1030 4003 ..
1049 3951 1180 4014 Redubt‘os‚
1193 3955 1226 4003 V.
1247 3994 1277 4003 ..

153 4020 349 4082 fervescentibus,
365 4014 497 4073 BVR1T.
507 4023 665 4085 ferventibus,
676 4018 793 4086 R²dfly.

194 4107 261 4168 §33.
280 4104 352 4155 Sistit
367 4112 390 4153 et
405 4104 551 4170 sanquinem,
567 4100 672 4156 oltra.
691 4104 837 4169 Sanguinem
854 4105 922 4166 sistit,
940 4101 1020 4170 vssy.
1041 4146 1072 4156 ..
1091 4105 1278 4167 exhemitatium,

160 4172 243 4222 VRd.
264 4215 294 4224 ..
317 4172 452 4235 Terentino,
464 4176 498 4223 V.
518 4215 548 4223 -
567 4171 668 4233 deiectu,
680 4174 762 4224 VR'2.
782 4173 870 4224 Omitt.
882 4174 948 4224 R'd.
969 4215 999 4223 ..
1017 4171 1138 4234 stomachi,
1150 4174 1212 4226 VR.
1231 4179 1278 4222 sto·

160 4239 281 4302 mortiet,
294 4243 348 4292 To.
369 4283 399 4291 ..
418 4249 441 4290 et
452 4241 477 4290 ia
489 4240 615 4303 oculorum,
627 4256 650 4291 v.
663 4243 781 4303 Dicetur,
795 4248 819 4303 2,
832 4246 872 4290 8³.
