2918 4800
410 300 481 347 ma.
496 300 599 348 xxm.
628 298 706 348 car.
722 300 770 347 ry.
801 298 899 349 saer.
915 301 998 347 mu.
1223 285 1264 351 25

56 522 61 529 ‚
141 450 251 517 lumen
272 450 444 518 obscurum
465 462 597 537 propter
618 451 750 517 nimiam
770 449 1039 539 pinguitudinem
1076 449 1171 518 Folia
1197 452 1265 541 igni

144 574 235 618 sacro
261 551 440 618 inlinuntur
466 574 507 618 ex
533 562 640 632 aceto,
666 575 726 638 per
753 575 787 619 se
815 563 924 619 autem
951 553 1093 619 recentia
1120 553 1267 619 mammis

142 665 175 720 et
201 653 382 740 epiphoris,
412 653 524 720 eadem
552 654 684 728 decocta
711 654 746 720 in
774 654 850 720 vino
871 653 1172 721 inflammationibus
1193 678 1266 721 cum

142 754 280 842 polenta,
303 778 396 822 croco
402 781 411 833 3
434 778 493 842 per
515 778 549 822 se
571 738 681 822 auteba
701 757 806 823 triduo
827 756 970 843 inposita
986 757 1100 821 faciem
1113 767 1265 844 purgant

183 857 237 920 42.
266 853 385 922 Oleum
413 854 655 946 amygdalinum
671 867 817 946 purgat,
851 859 951 925 mollit
979 879 1128 944 corpora,
1161 868 1266 924 cutem
1279 876 1312 921 so

142 967 272 1045 erugat,
299 959 435 1025 nitorem
455 960 661 1040 conmendat,
690 982 784 1028 varos
813 983 887 1027 cum
907 961 1000 1026 melle
1023 958 1106 1024 tollit
1127 979 1146 1022 e
1167 958 1266 1036 faciet

141 1057 273 1145 prodest
301 1070 334 1124 et
359 1060 491 1127 auribus
512 1083 586 1126 curn
606 1083 739 1128 rosaceo
761 1071 793 1127 et
812 1062 907 1127 melle
934 1072 967 1127 et
987 1059 1064 1125 mali
1084 1056 1196 1145 punici
1218 1068 1267 1124 te-

142 1159 250 1249 gmine
279 1161 449 1228 decoctum
476 1164 729 1248 vermiculosque
756 1165 790 1229 in
815 1163 866 1228 his
895 1174 987 1229 necat
1017 1173 1049 1229 et
1074 1160 1269 1250 gravitatem

142 1262 272 1329 auditus
293 1263 434 1343 discutit,
457 1287 553 1331 sonos
574 1265 715 1332 incertos
735 1275 767 1330 et
788 1266 933 1343 tinnitus,
955 1264 1062 1331 obiter
1076 1261 1192 1350 capitis
1206 1260 1267 1325 do·

142 1364 226 1430 lores
248 1375 280 1431 et
301 1366 475 1432 oculorum.
511 1366 664 1432 Medetur
692 1367 870 1433 furunculis
896 1377 929 1434 et
957 1387 977 1431 a
999 1365 1067 1433 sole
1087 1365 1170 1430 ustis
1192 1384 1267 1428 cum

143 1485 231 1542 cera3
260 1465 370 1534 ulcera
394 1469 557 1534 manantia
582 1479 614 1535 et
634 1468 775 1536 furfirres
796 1491 869 1534 cum
889 1468 964 1535 vino
986 1475 1157 1555 expurgat,
1186 1485 1265 1531 con-

144 1566 306 1652 dylomata
326 1591 400 1636 curn
420 1571 577 1650 meliloto,
603 1590 664 1659 per
689 1593 725 1638 ss
752 1593 828 1638 vero
850 1570 948 1656 capiti
969 1570 1096 1635 inlitum
1118 1589 1265 1635 somnum

144 1668 264 1735 adlicit.

184 1771 237 1836 43.
262 1768 380 1839 Oleum
393 1772 555 1840 laurinum
576 1773 691 1841 utilius
713 1796 777 1859 quo
798 1772 959 1840 recentius
979 1793 1108 1857 quoque
1129 1770 1265 1838 viridius
1280 1784 1313 1832 sa

144 1871 259 1939 colore.
295 1873 357 1941 Vis
379 1876 449 1942 eius
472 1876 699 1943 excalfactoria
720 1887 752 1942 et
777 1875 851 1941 ideo
878 1873 1076 1962 paralyticis,
1107 1872 1266 1959 spasticis,

142 1973 335 2055 ischiadicis,
358 1978 550 2066 suggillatis,
579 1979 695 2066 capitis
716 1977 892 2054 doloribus,
919 1976 1105 2041 inveteratis
1127 1974 1267 2040 destilla-

143 2075 293 2157 tionibus,
317 2077 449 2144 auribus
471 2080 505 2144 in
528 2081 639 2166 calyce
660 2080 771 2168 punici
792 2077 982 2144 calefactum
1003 2076 1159 2142 inlinitur.

184 2177 237 2242 44.
266 2175 388 2244 Similis
410 2191 441 2246 et
462 2183 579 2266 myrtei
601 2182 664 2247 olei
690 2182 790 2257 ratio;
818 2178 1001 2266 adstringit,
1031 2178 1170 2255 indurat,
1199 2197 1267 2242 me·
1281 2190 1313 2239 87

144 2277 237 2345 detur
257 2280 410 2369 gingivis,
434 2282 580 2349 dentium
600 2282 713 2362 dolori,
736 2281 943 2367 dysinteriae,
965 2281 1078 2347 volvae
1099 2278 1268 2344 exulcera-

144 2389 206 2460 tae,
228 2382 356 2461 vesicis,
384 2384 547 2451 ulceribus
576 2385 714 2452 vetustis
735 2385 788 2452 vel
814 2383 1018 2449 manantibus
1040 2405 1114 2449 cum
1135 2402 1269 2466 squama

144 2481 227 2549 aeris
243 2493 275 2549 et
288 2505 371 2564 cera,
392 2486 470 2551 item
492 2485 725 2574 eruptionibus,
748 2484 1014 2551 ambustionibus.
1036 2483 1160 2549 Attrita
1175 2494 1269 2549 sanat

145 2582 342 2664 etfirrfures,
362 2588 532 2675 rhagadas,
555 2589 787 2674 condylomata,
810 2588 962 2654 articulos
975 2589 1113 2664 luxatas,
1135 2585 1268 2652 odorem

143 2705 277 2771 gravem
304 2689 458 2775 corporis.
494 2690 697 2757 Adversatur
724 2689 920 2769 cantharidi,
952 2689 1099 2775 bupresti
1132 2687 1268 2772 aliisque

144 2785 236 2852 malis
256 2789 498 2858 medicamentis
519 2813 603 2876 quae
624 2791 838 2858 exulcerando
860 2800 985 2857 nocent.

187 2890 240 2956 45.
265 2887 568 2979 Chamaemyrsinae
590 2893 658 2960 sive
680 2893 907 2979 oxymyrsinae
922 2892 1035 2959 eadem
1049 2902 1175 2958 natura.
1199 2888 1268 2958 Cu·
1281 2901 1314 2949 ⁸⁸

146 2991 329 3077 pressinnm
349 2994 455 3061 oleum
476 2995 607 3062 eosdem
628 2996 760 3063 effectus
781 2983 879 3062 habet
897 3016 978 3080 quoe
998 3005 1168 3081 myrteum,
1190 2993 1269 3061 item

177 3183 246 3246 5⁸2·
264 3183 412 3250 excalefecit,
424 3188 448 3237 d.
466 3227 498 3237 -
522 3184 625 3236 dbcotit.
643 3184 747 3238 Sadorcs
758 3195 782 3237 st
792 3185 902 3250 duritias,
915 3187 948 3238 Κ.
966 3228 997 3237 ..
1017 3185 1145 3248 cumliurs,
1157 3186 1266 3237 VTed.

143 3250 220 3315 mopsi
230 3251 358 3314 ouaaiiore,
370 3250 399 3315 β.
417 3296 448 3305 ..
471 3271 523 3304 cum
532 3252 593 3318 pari
600 3254 720 3318 portiom
738 3271 787 3320 pro
799 3256 840 3306 his
851 3272 891 3306 vv.
904 3255 1000 3305 habeut
1018 3252 1120 3318 conpari
1133 3253 1268 3318 partionem

146 3320 180 3380 V,
199 3335 250 3369 cum
263 3320 449 3385 participatione
461 3325 486 3383 rl,
507 3322 533 3370 ia
546 3321 655 3385 portiom
667 3338 690 3383 s,
717 3338 768 3371 cena
782 3321 891 3386 portione
901 3336 927 3385 γ.
951 3360 983 3370 -
1011 3321 1107 3384 ocopni,
1117 3323 1165 3372 Va
1181 3318 1268 3384 (codd

144 3384 215 3450 Gel.)
231 3387 338 3453 crepini,
350 3392 374 3439 d.
393 3428 425 3439 ..
443 3388 512 3450 idem,
524 3390 558 3439 V.
580 3429 605 3438 -
627 3387 657 3450 si,
669 3390 773 3440 VTad.
792 3387 854 3448 etsi,
865 3385 916 3454 βγ.
929 3430 960 3439 -
980 3395 1013 3450 ut,
1025 3389 1070 3439 ad.
1089 3395 1120 3449 et,
1132 3389 1166 3438 V.

177 3469 192 3532 5
204 3479 246 3524 88.
263 3471 371 3534 aenum,
383 3473 490 3523 Barbsr.
502 3472 547 3522 ad.
570 3470 683 3537 pomum,
695 3472 727 3523 V.
746 3470 869 3535 canaam,
879 3474 948 3525 Pint.
959 3472 994 3524 V.
1006 3473 1126 3525 Dioscor.
1141 3479 1163 3534 1,
1177 3478 1218 3524 ³8.
1236 3512 1268 3522 ..

145 3538 283 3604 ωὶίᾰω.
303 3582 335 3592 -
350 3539 512 3606 proruavd.
531 3537 652 3604 ἕρπω.

142 3624 353 3759 “gwodan
365 3623 463 3688 animal,
475 3626 508 3678 Κ
527 3667 558 3677 ..
578 3621 695 3691 abolicio,
706 3626 740 3676 V.
758 3665 791 3676 ..
809 3641 859 3675 com
869 3624 973 3692 polenta,
985 3628 1020 3677 V.
1033 3666 1065 3676 ..
1083 3638 1159 3684 occo,
1171 3623 1228 3675 Vd.
1246 3630 1270 3673 et

177 3778 244 3842 ⁵⁸⁵·
262 3795 393 3844 corpwusn
404 3794 428 3829 a.
445 3780 486 3830 De
498 3780 555 3844 ipso
567 3779 625 3830 oleo
638 3794 662 3829 v.
673 3779 793 3830 Dioscor.
808 3785 830 3840 1,
843 3784 883 3830 89.
910 3820 941 3830 -
960 3794 977 3827 a
986 3776 1064 3842 sacis,
1076 3793 1100 3828 a
1119 3817 1150 3828 ..
1168 3775 1268 3839 mocio,

142 3843 177 3894 V.
189 3883 220 3895 ..
234 3846 339 3910 maa,
350 3848 383 3899 Κ.
399 3847 511 3912 pamiae,
525 3842 650 3914 Vadstr.
668 3846 728 3897 Vid.
741 3852 782 3907 22,
797 3852 854 3897 10³.
867 3888 898 3897 ..
911 3861 1032 3908 sonosque,
1041 3845 1074 3896 Κ.
1091 3884 1122 3896 ..
1136 3844 1268 3907 instituas.

143 3951 175 3961 -
194 3908 282 3974 alcea,
295 3929 346 3966 om.
358 3919 383 3967 d.
402 3956 433 3965 -
451 3922 578 3980 expurpot,
590 3929 615 3965 a.
633 3922 656 3964 et
663 3922 762 3979 perpet,
775 3913 826 3965 Vd.

176 3993 246 4056 586.
263 4012 318 4060 quo,
329 4001 353 4050 d
371 3997 441 4062 quod,
452 4000 507 4051 Va.
525 4000 566 4050 De
578 3999 628 4048 hoc
640 3999 699 4049 oleo
711 3999 864 4050 v.1)ioscor.
880 4004 901 4060 l,
914 4002 956 4049 49.
970 4038 1001 4049 ..
1011 4013 1111 4064 quoque,
1123 3999 1179 4050 Vd.
1192 3995 1266 4063 qaod·

141 4077 195 4126 quc,
207 4079 231 4113 a.
250 4103 281 4115 ..
296 4065 404 4129 puberi,
416 4067 471 4118 Vd.
491 4106 523 4118 ..
540 4064 660 4129 samaa,
672 4066 729 4117 Vd.

176 4149 246 4212 §aa
263 4147 430 4214 rhopalon
452 4149 569 4216 ropudas,
582 4152 605 4201 d.
630 4146 748 4216 lupadus,
760 4148 794 4200 V.
818 4147 981 4216 ctrlsupodor,
993 4147 1044 4219 βγ.
1070 4193 1100 4203 ..
1119 4149 1222 4212 loram
1236 4150 1267 4200 Τ.

142 4255 175 4265 ..
193 4214 293 4281 uiaque,
305 4219 339 4268 V,
357 4216 474 4270 Ceterum
486 4221 518 4271 de
530 4219 588 4270 oleo
599 4227 698 4285 myrteo
710 4233 735 4269 v.
746 4217 865 4270 Dioscor.
880 4223 957 4282 lpse.
