2918 4800
407 320 477 367 nra.
493 320 620 367 xnvm.
653 319 731 366 car.
748 319 823 366 xrv.
852 318 950 367 sacr.
966 321 997 364 ss.
1208 301 1271 367 315

145 471 266 537 remedi
288 470 322 534 in
342 469 462 556 leporis
484 471 617 558 coagulo
638 482 715 558 poto
737 493 754 534 e
776 471 852 536 vino
874 470 982 557 tepido
997 471 1048 535 vel
1063 471 1160 536 semel
1182 470 1269 536 arbi·

145 584 270 637 trantur
290 570 388 655 aliqui
395 597 404 649 3
427 573 585 638 cautiores
608 583 640 638 et
664 572 822 659 sanguine
845 572 977 657 caprino
993 594 1066 637 oum
1080 572 1182 636 farina
1196 571 1268 635 hor·

146 674 259 738 deaoia
273 684 305 737 et
319 673 426 738 resina
441 684 585 739 ventrem
600 673 749 738 inlinunt.
772 674 828 738 Ad
842 673 945 738 omnis
961 673 1132 758 epiphoras
1147 673 1271 738 ventris
1285 688 1333 736 aot

145 773 237 839 inlini
260 797 389 841 caseum
411 775 537 840 mollem
560 776 706 853 suadent,
729 785 870 840 veterem
892 787 1000 839 autem
1014 775 1047 838 in
1061 775 1195 840 farinam
1212 776 1270 838 tri·
1327 758 1337 776 ’

147 886 214 941 turn
248 877 397 941 coeliacis
427 889 459 942 et
487 877 694 962 dysintericis
728 877 798 940 dari
828 876 942 961 cyatho
975 876 1062 941 casei
1088 877 1121 940 in
1149 874 1272 958 cyathis

146 977 214 1043 vini
236 976 348 1042 cibarii
371 978 484 1043 tribus.
524 975 668 1067 Sanguis
690 976 843 1065 caprinus
865 978 1017 1042 decoctus
1040 999 1111 1042 oum
1133 974 1273 1040 medulla

146 1079 364 1164 dysintericis,
386 1080 476 1146 iocur
497 1103 608 1145 assum
630 1102 747 1164 caprae
771 1079 918 1145 coeliacis
941 1078 1090 1144 subvenit
1105 1077 1272 1165 magisque

147 1179 242 1244 etiam
264 1180 343 1245 hirci
363 1181 397 1245 in
419 1181 494 1246 vino
516 1193 650 1247 austero
677 1183 845 1248 decoctum
871 1193 1046 1268 potumque
1068 1181 1120 1244 vel
1142 1202 1182 1244 ex
1204 1180 1273 1243 oleo

146 1291 271 1365 myrteo
292 1281 444 1348 umbilico
474 1282 669 1368 inpositum;
698 1282 829 1368 quidam
856 1283 1012 1347 decocunt
1033 1304 1053 1345 a
1074 1281 1176 1346 tribus
1199 1302 1273 1345 sex·

147 1383 236 1448 tariis
257 1407 360 1467 aquae
381 1385 424 1449 ad
445 1384 603 1449 heminam
626 1384 736 1449 addita
755 1395 839 1449 ruta.
873 1383 1020 1450 Utuntur
1041 1394 1074 1449 et
1094 1383 1179 1448 liene
1201 1403 1273 1447 asso
1287 1400 1336 1445 aos

147 1506 261 1569 caprae
281 1485 403 1552 hircive
426 1496 458 1551 ct
486 1487 562 1552 sebo
589 1485 671 1551 hirci
691 1486 725 1550 in
752 1508 836 1572 pane
850 1486 920 1570 qui
948 1486 1054 1551 cinere
1083 1496 1193 1550 coctus
1220 1482 1272 1560 sit,

147 1607 277 1670 caprae,
305 1610 325 1651 a
352 1587 482 1653 renibus
508 1611 677 1666 maxume,
711 1598 747 1652 ut
774 1610 833 1672 per
860 1610 894 1651 se
920 1586 1087 1651 hauriatur
1114 1584 1272 1670 protinus,

145 1684 242 1768 inque
263 1687 388 1754 modice
410 1689 530 1777 frigida
551 1690 674 1755 sorberi
696 1688 818 1766 iubent,
841 1688 939 1772 aliqui
961 1699 995 1753 et
1015 1688 1049 1752 in
1071 1709 1154 1771 aqua
1175 1687 1272 1750 deco-

148 1797 235 1852 ctum
264 1789 375 1855 sebum
401 1791 545 1856 admixta
573 1793 704 1878 polenta
725 1801 758 1857 et
779 1790 906 1856 cumino
929 1802 962 1856 et
982 1812 1079 1855 aneso
1101 1799 1272 1871 acetoque3
1333 1844 1336 1849 .

146 1888 287 1955 inlinunt
307 1902 341 1956 et
361 1902 506 1959 ventrem
528 1895 674 1960 coeliacis
695 1893 771 1958 fimo
793 1916 865 1958 cum
888 1893 981 1958 melle
1000 1893 1141 1958 decocto.
1163 1890 1272 1957 Utun-
1287 1908 1336 1953 aos

148 1997 200 2054 tur
225 1991 267 2056 ad
295 2004 470 2079 utrumque
497 1995 611 2060 vitium
641 2007 673 2061 et
701 1996 836 2084 coagulo
863 1995 956 2059 haedi
985 1995 1018 2059 in
1047 1992 1122 2058 vino
1144 1993 1273 2077 myrtite

146 2090 239 2157 fabae
260 2095 482 2181 magnitudine
510 2107 587 2183 poto
615 2108 647 2163 et
669 2098 827 2186 sanguine
856 2097 1000 2162 eiusdem
1022 2096 1056 2161 in
1078 2095 1186 2160 cibum
1207 2096 1272 2158 for-

148 2204 234 2259 mato
262 2216 357 2278 quem
385 2198 609 2285 sanguiculum
640 2210 764 2265 vocant.
804 2199 985 2264 Infundunt
1011 2195 1214 2282 dysintericis
1243 2205 1275 2259 et

147 2293 307 2379 glutinum
329 2299 491 2366 taurinum
512 2323 596 2386 aqua
613 2301 718 2367 calida
733 2302 921 2368 resolutum.
942 2300 1127 2365 Inflationes
1142 2297 1274 2362 discutit

148 2396 318 2464 vitulinum
338 2400 451 2467 fimum
472 2403 508 2468 in
529 2404 604 2469 vino
626 2404 805 2470 decoctum.
841 2403 1071 2469 Intestinorum
1093 2400 1181 2466 vitiis
1203 2420 1273 2462 ma-

147 2519 293 2583 gnopere
327 2503 460 2586 prodest
491 2506 662 2592 coagulum
690 2527 858 2570 cervorum
886 2505 1053 2570 decoctum
1085 2525 1159 2568 oum
1189 2502 1274 2565 lente

148 2598 287 2685 betaque
309 2612 406 2689 atque
428 2605 462 2669 in
484 2605 557 2672 cibo
578 2616 752 2693 sumptum,
781 2605 899 2692 leporis
927 2605 1065 2693 pilorum
1092 2603 1174 2670 cinis
1202 2624 1275 2668 oum

148 2702 241 2767 melle
256 2704 532 2785 decoctus,.laotis
553 2707 678 2794 caprini
691 2717 788 2793 potus
804 2707 928 2773 decocti
943 2730 1016 2772 cum
1030 2708 1136 2771 malva
1157 2703 1274 2791 exiguo

149 2805 214 2869 sale
236 2805 364 2882 addit03
393 2807 420 2872 si
441 2819 474 2873 et
495 2809 666 2894 coagulum
687 2810 835 2886 addatur,
856 2808 1032 2874 maioribus
1054 2804 1274 2874 emolumentis

147 2905 211 2971 fiat.
245 2905 374 2973 Eadem
389 2909 445 2999 'vis
466 2920 517 2975 est
538 2921 571 2978 et
591 2911 626 2976 in
649 2910 725 2976 sebo
748 2910 878 2999 caprino
899 2911 934 2975 in
957 2910 1129 2976 sorbitione
1156 2908 1273 2992 aliqua,
1288 2925 1338 2969 210

148 3008 195 3071 uti
218 3009 367 3093 protinus
388 3010 553 3077 hauriatur
567 3013 689 3101 frigida
702 3037 797 3098 aqua.
820 3013 903 3078 Item
916 3012 1071 3079 feminum
1083 3010 1180 3076 haedi
1195 3009 1274 3074 oinis

184 3218 269 3279 §202
288 3216 412 3280 farinam,
423 3220 457 3270 Κ.
475 3220 576 3283 forino,
589 3216 721 3286 vssssy.
748 3220 878 3272 inmodum
886 3221 999 3285 farinae,
1015 3221 1082 3270 Plin.
1096 3219 1182 3268 Valet.
1196 3222 1220 3279 2,
1233 3224 1273 3281 23.

151 3324 179 3332 ..
201 3283 327 3349 dysenteri,
340 3287 364 3335 d.
384 3327 415 3336 ..
439 3286 597 3350 ciboriiffld.
624 3289 707 3350 cibari,
723 3283 783 3342 GV.
810 3289 938 3351 citarat
956 3282 1155 3350 Omittlvssr.
1174 3327 1205 3335 -
1224 3302 1275 3334 ma·

147 3352 238 3416 yisque,
250 3355 303 3404 Rd.
321 3352 398 3418 magis
410 3354 459 3417 qai,
468 3356 501 3405 V.
515 3399 546 3407 -
559 3365 655 3422 myrteo,
667 3358 699 3408 R.
717 3365 817 3424 myrtae,
830 3360 863 3409 V.
881 3359 960 3424 myrti,
972 3359 1025 3408 Td.
1038 3398 1070 3407 ..
1089 3353 1231 3416 umbilicum,
1240 3354 1274 3404 V.

150 3460 181 3469 -
200 3438 225 3481 a,
237 3424 291 3472 Itu.
310 3420 351 3483 od,
363 3423 397 3472 V.
416 3464 447 3472 ..
466 3422 550 3473 addito
562 3425 618 3487 ritu,
630 3427 692 3476 VR.

184 3491 269 3551 §208.
287 3506 349 3550 ossa,
362 3491 439 3540 V...
456 3492 511 3540 sebo
523 3491 592 3552 hirci,
604 3495 668 3545 VR.
685 3495 747 3554 sebo,
761 3496 813 3545 Td.
827 3536 859 3545 ..
877 3503 974 3555 coctum,
984 3494 1018 3543 V.
1032 3533 1062 3542 ..
1082 3507 1179 3555 caprae,
1190 3491 1275 3542 VRd.

150 3563 231 3617 capto,
243 3559 276 3607 K.
295 3599 327 3607 ..
345 3567 382 3620 at,
400 3561 452 3609 Ro.
476 3567 511 3620 et,
525 3562 558 3610 V.
576 3602 608 3611 ..
627 3561 751 3622 curtatur,
764 3564 791 3613 V
807 3562 919 3613 utinha
939 3603 970 3611 ..
990 3561 1106 3625 protinus,
1120 3560 1197 3621 inque,
1210 3560 1276 3611 Gro-

150 3637 209 3671 nou
227 3625 258 3673 R.
284 3627 391 3688 pretinm
406 3625 480 3691 lique,
496 3621 525 3678 θ.
545 3629 655 3692 protinus
671 3628 754 3694 Itque,
772 3631 805 3680 V.
825 3630 936 3695 protinus
953 3629 1117 3693 liquefactam,
1140 3629 1193 3678 To.
1218 3643 1276 3690 pro·

151 3688 263 3767 tinuoque,
274 3689 397 3758 δθρφβ.
411 3695 520 3759 protinas
532 3694 615 3760 aliqui,
625 3699 716 3748 Daleo.
729 3739 760 3748 ..
779 3697 998 3758 modicarum.
1016 3695 1118 3760 moriad
1147 3711 1177 3759 φ.
1196 3695 1276 3744 huius-

150 3755 257 3876 'loirl'g'
272 3800 299 3808 -
312 3760 420 3891 soff?
432 3765 516 3816 VRd.
525 3763 656 3830 frigidum,
669 3763 766 3832 ὃθρφ.
777 3765 908 3832 sriqt'dom,
919 3762 949 3828 β.
963 3808 994 3817 -
1014 3783 1093 3827 aneso,
1132 3766 1186 3815 Td.
1205 3779 1276 3812 aneso

150 3841 180 3886 e,
250 3836 330 3876 .onet
346 3845 366 3887 o,
422 3867 428 3879 .

184 3897 269 3971 5²9⁹·
295 3845 447 3959 myrricefs.
467 3941 497 3949 -
513 3902 594 3962 sabae
611 3900 780 3966 moyniiudt'ne,
793 3904 876 3953 VRd.
903 3902 1067 3968 magnitudine
1075 3902 1162 3966 fabae,
1175 3897 1225 3965 βγ.
1244 3941 1274 3952 ...

149 3960 323 4024 sanqutoulnm,
340 3964 371 4012 R.
401 3966 594 4030 sanguinantem,
615 3962 724 4029 OVTd.
747 4010 779 4020 ...
807 3968 960 4033 Inflstr'onea,
978 3972 1108 4022 VRTdr.
1136 3968 1277 4033 natationes

150 4037 235 4090 autem,
247 4025 276 4090 β.
297 4071 327 4078 ..
343 4029 460 4093 prodeest,
470 4035 505 4084 V.
524 4077 555 4085 -
574 4045 654 4099 atque,
667 4038 701 4086 V.
719 4044 791 4100 atque
803 4036 846 4098 ito,
859 4039 874 4087 d
879 4033 908 4099 β.
926 4047 1033 4101 atquae,
1046 4041 1091 4088 Ra
1105 4039 1163 4090 Om.
1175 4038 1225 4087 3².
1246 4077 1276 4088 -

149 4105 272 4160 sumptum,
285 4099 382 4148 VR¹d.
411 4099 447 4148 ito
462 4110 586 4165 sumptam,
603 4104 653 4153 Ra
672 4144 703 4154 ..
727 4102 841 4164 decoctus,
854 4107 878 4155 d.
906 4103 1079 4166 decocto,VR.
1100 4146 1130 4156 ..
1152 4114 1221 4170 potus
1236 4104 1277 4154 de-

150 4161 382 4294 coctrffiOVRKd.
410 4175 481 4231 potus
496 4166 659 4233 decoctns,ss.
684 4211 716 4220 ..
742 4171 814 4233 siet,
834 4165 1008 4225 0VR²Tdn
1035 4182 1069 4236 et,
1086 4175 1130 4225 R¹.
1158 4182 1181 4224 et
1195 4172 1229 4235 si,
1246 4169 1276 4234 β.

152 4273 182 4280 ..
233 4241 248 4294 r,
262 4250 281 4283 r.

183 4302 198 4364 §
216 4307 273 4351 210.
300 4301 385 4367 aliqua
402 4304 439 4354 uti
453 4305 475 4354 si
487 4303 604 4370 protinus,
621 4323 642 4359 r.
