2918 4800
398 316 467 362 nm.
485 316 588 362 xx111.
619 314 697 361 car.
715 315 775 361 vu.
806 314 903 362 suos.
918 315 1001 359 am.
1219 298 1260 361 37

139 437 197 534 nes
223 466 399 532 discutiunt
426 467 545 545 suffitu,
574 467 727 532 resistunt
755 477 786 531 et
814 466 963 554 sanguini
986 467 1111 532 taurino
1132 477 1209 554 poto
1232 477 1263 531 et

140 567 301 653 psimithio
327 577 359 633 et
385 568 461 633 lacti
489 569 658 656 coagulato
687 578 800 653 potae3
834 567 912 631 item
938 567 972 632 in
1001 588 1085 652 aqua
1112 567 1263 634 decoctae

139 679 236 753 atque
257 668 368 734 inlitae
390 667 554 754 parotidas
570 679 694 733 sanant.
719 665 877 734 Cauliculi
893 676 948 731 aut
962 668 1065 756 grossi
1080 669 1150 735 cius
1165 692 1263 755 quam

139 769 371 835 minutissimae
393 770 434 834 ad
457 771 659 857 scorpionum
681 770 764 835 ictus
787 791 805 833 e
827 769 901 833 vino
916 769 1078 834 bibuntur.
1101 770 1171 837 Lac
1186 792 1263 855 quo-
1279 787 1326 834 ras

140 894 202 957 quc
224 871 394 936 instillatur
416 870 531 958 plagae
554 881 586 936 et
607 869 683 935 folia
697 869 907 956 inponuntur,
931 870 1008 936 item
1022 871 1176 937 adversus
1191 895 1263 937 mu-

139 996 208 1038 rem
229 995 392 1038 araneum.
430 969 670 1038 Cauliculorum
692 970 771 1035 cinis
793 993 890 1035 uvam
919 972 1059 1038 faucium
1081 973 1182 1051 sedat,
1211 996 1264 1037 ar-

140 1074 227 1141 boris
251 1074 355 1161 ipsius
382 1073 463 1139 cinis
490 1095 530 1138 ex
560 1074 654 1138 melle
675 1071 841 1160 rhagadis,
869 1072 962 1137 radix
991 1073 1204 1139 defervefacta
1230 1075 1265 1139 in

118 1176 215 1240 ¹vino
244 1175 386 1240 dentium
413 1174 547 1240 dolores.
583 1174 730 1239 Hiberna
756 1173 926 1260 caprificus
954 1175 987 1239 in
1010 1186 1099 1240 aceto
1122 1186 1211 1241 cocta
1233 1187 1265 1241 et

140 1276 213 1340 trita
234 1276 430 1364 inpetigines
451 1276 550 1353 tollit,
573 1276 748 1340 inlinuntur
769 1289 913 1340 ramenta
935 1299 1095 1342 ramorum
1111 1277 1179 1342 sine
1194 1300 1264 1343 cor-

139 1379 200 1442 tice
223 1399 319 1462 quam
346 1376 558 1441 minutissima
586 1377 628 1441 ad
651 1377 757 1442 scobis
779 1377 918 1441 modum.
956 1375 1117 1465 Caprifico
1138 1400 1265 1463 quoque
1280 1396 1328 1440 rso

140 1478 317 1545 medicinae
342 1478 439 1543 unius
466 1478 655 1543 miraculum
685 1477 823 1555 additur,
854 1479 1003 1543 corticem
1032 1479 1101 1544 eius
1124 1480 1265 1546 intume-

141 1593 282 1646 scentem
310 1603 391 1665 puer
417 1580 548 1666 inpubis
581 1580 608 1644 si
638 1579 778 1645 detracto
807 1601 895 1645 ramo
929 1579 1075 1645 detrahat
1104 1581 1265 1660 dentibus,

140 1681 310 1747 medullam
332 1681 436 1766 ipsam
457 1680 662 1768 adalligatam
684 1691 755 1745 ante
779 1680 855 1745 solis
876 1692 982 1745 crtum
996 1681 1165 1767 prohibere
1181 1694 1265 1747 stru·

140 1807 220 1850 mas.
255 1780 436 1867 Caprificus
451 1793 559 1847 tauros
574 1782 750 1866 quamlibet
772 1781 888 1847 ferocis
910 1782 989 1848 collo
1004 1805 1114 1848 eorum
1129 1784 1265 1849 circum-

140 1886 217 1950 data
230 1887 264 1950 in
278 1895 402 1950 tantum
416 1885 554 1950 mirabili
568 1896 683 1950 natura
698 1885 863 1970 conpescit
877 1895 914 1948 ut
931 1884 1093 1949 inmobilis
1113 1896 1265 1969 praestet.

183 1988 235 2052 65.
262 1986 409 2051 Herbam
437 2008 565 2071 quoque
594 1984 713 2051 Gracci
741 1986 871 2050 erineon
904 1995 1036 2062 vocant,
1070 1985 1266 2050 reddendam
1280 2001 1327 2046 131

141 2089 174 2152 in
195 2087 348 2153 hocloco
369 2097 501 2173 propter
522 2087 744 2174 gentilitatem.
767 2085 917 2150 Palmum
932 2085 996 2149 alta
1018 2097 1078 2164 est,
1101 2086 1267 2152 cauliculis

141 2189 249 2275 quinis
269 2189 349 2265 lere,
372 2189 467 2254 ocimi
490 2188 709 2265 similitudine,
731 2187 791 2253 flos
805 2187 971 2266 candidus,
996 2209 1103 2252 semen
1126 2189 1265 2275 nigrim,

141 2314 273 2379 parvom
280 2315 289 2368 ;
312 2291 422 2356 tritum
444 2313 518 2356 cum
539 2290 648 2354 Attico
670 2289 764 2354 melle
786 2289 951 2373 oculorum
974 2288 1136 2377 epiphoris
1158 2290 1266 2355 mede·

142 2404 204 2469 tur,
226 2402 399 2477 utcumque
415 2403 522 2457 autem
536 2391 688 2478 decerpta
701 2402 810 2455 manat
823 2392 903 2456 lacte
917 2393 1018 2458 multo
1033 2392 1129 2457 dulci.
1153 2379 1267 2458 Herba

142 2516 297 2581 perquam
318 2494 406 2560 utilis
427 2495 552 2559 aurium
574 2493 675 2559 dolori
697 2492 773 2558 nitri
795 2495 912 2582 exiguo
934 2493 1046 2558 addito
1053 2518 1062 2570 ;
1086 2494 1163 2559 folia
1183 2495 1265 2560 resi·

145 2607 232 2661 stunt
253 2596 395 2662 venenis.

144 2835 296 2905 VTadfir.
321 2838 369 2888 iam
378 2840 590 2904 pubescentemK
615 2836 730 2905 Coprtflcr'
743 2839 849 2890 corticem
865 2840 1050 2890 intumescentem
1060 2857 1122 2905 puer
1134 2838 1267 2904 impubissi

145 2905 251 2957 detracto
267 2924 335 2956 ramo
353 2907 420 2957 tollat
434 2907 541 2958 deutrbm
555 2916 578 2957 et
593 2907 697 2958 medulla
712 2908 767 2972 ipso
782 2907 893 2974 alligetur
909 2916 965 2957 oute
975 2907 1032 2958 solis
1044 2916 1127 2967 ortum,
1142 2906 1267 2972 probibere

144 2983 249 3024 strumas
265 2983 367 3035 constat,
384 2977 451 3027 Plin.
468 2978 556 3027 Valer.
569 2982 593 3039 3,
606 2981 646 3027 29.
676 2977 745 3038 Quid
760 2977 793 3027 sit
808 2985 894 3028 antem
910 2986 998 3027 cortex
1014 2979 1191 3036 intumescens,
1208 2991 1267 3039 ape-

145 3045 208 3094 ritur
223 3044 304 3094 verbis
319 3045 398 3094 Plinii
411 3046 451 3106 lb,
465 3051 521 3096 100.
540 3086 571 3094 -
597 3061 657 3108 puer
673 3044 773 3109 impubis
784 3045 842 3106 si,a
857 3045 1049 3109 (Pliavaler.)
1073 3045 1154 3109 pueris
1166 3042 1267 3104 idve.

142 3127 204 3177 puer
214 3112 243 3174 si,
256 3113 287 3162 Τ.
307 3153 338 3161 -.
361 3109 466 3161 detracto
477 3129 552 3174 ramo,
564 3113 631 3163 Plin.
644 3113 730 3163 Valer.
754 3111 859 3174 defracto
871 3129 946 3175 ramo,
959 3108 1029 3178 ufir.
1052 3111 1223 3176 defracturam‚
1236 3113 1267 3162 Τ.

146 3180 309 3245 effracturam,
322 3181 377 3231 Vd.
396 3221 428 3230 -
454 3178 567 3229 detrabm
582 3179 698 3243 dentibus,
711 3182 792 3231 VTd.
819 3179 1003 3242 detrabentibus,
1019 3198 1042 3231 a.
1070 3179 1138 3228 tollat
1153 3178 1268 3239 dentibus,

146 3246 211 3298 Plin.
228 3247 315 3298 Valer.
333 3288 365 3299 ..
389 3255 508 3296 taurorum
524 3247 655 3312 quamlibet
663 3249 783 3310 ferocium
799 3247 858 3297 collo
875 3264 922 3297 eor.
939 3246 1088 3296 circumdato
1105 3246 1131 3294 in
1143 3253 1190 3293 tam
1203 3245 1268 3294 rabi-

147 3313 338 3432 dabrpdnnturam,
355 3332 375 3365 r.
393 3356 427 3387 1-
450 3314 517 3378 collo,
528 3317 616 3367 V'ad.
643 3313 712 3377 coila,
725 3316 776 3365 V'.
796 3355 828 3365 -
850 3313 966 3375 mirabili,
979 3315 1025 3364 Vd
1042 3312 1128 3376 (codd.
1140 3312 1269 3375 Barbari).

147 3399 177 3431 ro
218 3399 269 3445 aa.

181 3487 195 3548 5
210 3488 266 3535 1³1.
283 3483 392 3534 Herbam
404 3500 502 3548 quoque,
511 3485 587 3535 Vad.
605 3482 690 3534 Herba
700 3498 791 3547 quoque
802 3500 882 3547 quam,
891 3478 943 3549 βγ.
960 3484 1079 3537 Ceterum
1091 3486 1122 3534 de
1134 3483 1183 3532 hac
1191 3482 1271 3532 herba

147 3566 171 3602 v.
183 3553 298 3602 Dioscor.
312 3559 335 3613 4,
348 3557 389 3603 29.
407 3593 439 3602 -
457 3551 560 3613 erineou,
572 3553 644 3602 codd.
656 3538 771 3603 liarbari.
789 3550 877 3614 arinen,
890 3569 913 3604 a.
932 3551 1035 3613 lseriueu,
1048 3553 1102 3602 Vd.
1121 3550 1214 3607 irineos,
1225 3550 1271 3600 alii

148 3621 222 3670 codd.
239 3620 354 3670 Barbari.
377 3661 409 3671 ..
435 3619 589 3682 reddendam,
604 3637 627 3671 a.
654 3617 782 3681 reddenda,
800 3615 872 3682 Vdst
895 3657 901 3670 .
925 3661 957 3672 ..
983 3617 1168 3680 similitudinem,
1185 3618 1219 3667 V.
1237 3658 1269 3669 ..

147 3684 328 3748 candidumv.
348 3729 379 3737 -
405 3687 638 3750 Atticomelle,Va.
664 3686 731 3737 melle
742 3687 830 3749 Attico,
847 3635 918 3753 ddy.
942 3728 973 3738 ..
1000 3695 1123 3750 utcumque
1138 3692 1215 3734 cutem
1231 3683 1271 3735 de·

148 3762 243 3818 cerpta;
261 3770 307 3819 pro
319 3755 358 3806 his
370 3772 410 3804 vv.
423 3758 519 3807 habent
530 3764 556 3804 ut
567 3773 618 3805 eum
630 3755 689 3805 ciali
699 3764 725 3804 ut
736 3754 885 3820 deceptarum
898 3772 921 3818 a,
940 3763 966 3804 ut
981 3771 1031 3804 cum
1048 3752 1130 3818 cpotlsi
1140 3760 1166 3802 ut
1176 3760 1271 3818 carpto·

148 3838 200 3871 rum
217 3823 291 3872 codd.
303 3824 418 3885 Barbari,
436 3840 488 3873 cum
504 3831 530 3873 ut
546 3821 591 3872 loti
606 3822 769 3887 decreptorum
786 3822 968 3887 (decerptarum,
983 3821 1011 3883 d)
1024 3823 1079 3871 Vd.
1106 3819 1140 3870 II
1151 3819 1272 3871 droclruis

149 3905 199 3938 cum
216 3888 307 3955 cyathis
322 3890 399 3941 Attici
409 3899 519 3955 quatuor,
535 3893 639 3942 Barbar.
653 3907 686 3942 cx
696 3892 859 3941 Dioscorida.
883 3892 917 3942 Et
932 3891 1064 3953 vulgatam
1080 3891 1182 3954 quidem
1195 3893 1272 3941 inter·

149 3957 262 4022 polutum
278 3973 332 4009 esse
349 3960 438 4024 liquet,
455 3960 648 4025 Barbarumque
663 3974 716 4008 non
733 3959 840 4008 multum
858 3975 874 4009 a
889 3974 949 4008 vcro
966 3959 1054 4008 abesse
1071 3960 1205 4024 probabile
1221 3966 1272 4018 θεῖς

149 4027 194 4076 scd
211 4040 288 4076 nemo
305 4028 356 4076 iam
373 4029 440 4078 ausit
455 4043 469 4077 e
485 4028 599 4077 codicum
616 4027 728 4089 vestigiis
744 4026 840 4091 aliquid
855 4041 1012 4090 proponere,
1029 4042 1080 4092 quo
1096 4028 1178 4092 ipsam
1194 4025 1274 4076 Plinii

150 4108 255 4143 manum
272 4094 411 4144 restituisse
427 4096 546 4145 confidat.
569 4094 599 4144 Id
617 4108 696 4143 unum
711 4101 816 4154 certum,
835 4091 946 4158 decerpta
963 4096 1121 4145 retinendum
1133 4109 1195 4155 csse,
1214 4108 1273 4143 cum

150 4162 295 4211 terminatio
311 4177 362 4211 rum
379 4163 405 4211 in
421 4163 494 4211 codd.
506 4170 610 4211 exstans
622 4176 636 4210 e
648 4161 765 4224 proxime
777 4170 897 4227 sequente
909 4162 1007 4227 syllaba
1018 4165 1051 4214 sit
1063 4173 1127 4214 orta
1148 4204 1178 4212 ..
1202 4158 1273 4220 dulci,

149 4228 226 4279 Vad.
244 4235 267 4277 et
278 4226 350 4290 dulci,
361 4226 410 4294 βγ.
430 4270 460 4281 ..
472 4227 573 4294 solium,
585 4229 619 4278 V.
