2918 4800
190 295 229 356 14
344 297 349 303 ’
538 309 741 355 NATURALIS
764 307 959 355 flrsronrnn

186 471 263 527 nata
285 472 436 546 prosunt,
466 458 710 524 item‘coeliacis
732 470 765 524 et
786 458 1006 543 dysintericis,
1028 461 1196 526 mulierum
1217 447 1306 527 men·

187 561 286 628 sibus.
323 563 363 627 In
390 561 452 627 hoc
478 562 607 647 genere*
625 558 758 625 rubrum
785 561 956 646 nigrumve
987 561 1092 650 magis
1119 561 1310 650 constringit

185 665 352 752 magisque
377 662 532 728 calefacit.
569 662 777 727 Innocentius
799 663 871 747 pice
894 664 961 729 sola
982 663 1161 740 conditum3
1197 663 1253 728 sed
1276 676 1308 730 et

184 765 289 852 picem
317 765 500 830 meminisse
527 763 681 829 debemus
707 785 773 828 non
799 764 889 829 aliud
916 787 988 830 esse
1015 787 1111 849 quarn
1132 765 1307 831 conbustae

183 867 309 932 resinae
330 867 465 931 fluxum.
488 864 563 930 Hoc
585 887 688 951 genus
702 865 769 930 vini
784 864 960 943 excalfacit,
983 867 1162 950 concoquit,
1176 878 1305 955 purgat,
1319 884 1350 930 47

183 967 313 1053 pectori,
336 968 442 1032 ventri
463 966 554 1044 utile,
575 967 841 1032 itcm'volvarum
862 966 974 1046 dolori,
998 968 1026 1032 si
1042 968 1111 1034 sine
1126 968 1216 1033 febre
1231 969 1305 1046 sint,

182 1069 284 1134 veteri
304 1068 544 1146 rheumatismo,
567 1068 811 1145 exulcerationi,
833 1069 947 1155 ruptis,
971 1069 1140 1148 convolsis,
1162 1070 1305 1149 vomicis,

181 1192 354 1236 nervorum
375 1169 567 1247 infirmitati,
593 1168 826 1248 inflationibus,
849 1170 944 1248 tussi,
968 1169 1232 1249 anhelationibus,
1254 1173 1305 1238 lu·

181 1273 265 1338 xatis
293 1273 328 1337 in
355 1271 466 1337 sucida
491 1271 566 1335 lana
593 1271 778 1356 inpositum.
814 1271 871 1335 Ad
900 1272 1007 1336 omnia
1033 1271 1112 1338 haec
1138 1274 1249 1338 utilius
1270 1275 1305 1338 id

182 1374 269 1459 quod
298 1383 412 1460 sponte
432 1382 564 1437 naturae
587 1395 664 1437 suae
685 1373 814 1458 piceum
835 1373 946 1460 resipit
966 1373 1170 1460 picatumque
1192 1375 1304 1461 appel·
1340 1377 1343 1382 ’

181 1476 283 1552 latur3
305 1475 500 1540 helvennaca
516 1486 621 1539 tamen
635 1474 734 1540 nimio
749 1486 846 1561 caput
861 1475 1008 1560 temptari
1024 1477 1182 1541 convenit.
1207 1475 1304 1557 Quod
1317 1493 1349 1536 ss

181 1576 223 1641 ad
250 1575 389 1644 febrium
418 1576 619 1642 valetudines
646 1576 760 1641 attinet
767 1625 776 1655 ,
806 1586 927 1641 certum
949 1588 999 1642 est
1019 1599 1084 1642 non
1107 1577 1248 1642 dandum
1268 1578 1303 1642 in

179 1676 263 1744 febri
294 1679 358 1745 nisi
389 1678 554 1744 veteribus
580 1678 685 1766 aegris
718 1701 779 1744 nec
806 1679 868 1743 nisi
897 1679 1079 1745 declinante
1107 1678 1236 1758 morbo,
1269 1680 1304 1744 in

180 1780 283 1845 acutis
311 1803 387 1846 vero
413 1779 563 1868 periculis
589 1780 685 1845 nullis
711 1781 775 1845 nisi
801 1782 857 1864 qui
882 1781 1070 1845 manifestas
1097 1774 1303 1847 remissiones

179 1881 319 1947 habeant
346 1894 378 1948 et
403 1883 462 1948 has
487 1894 586 1948 noctu
607 1883 725 1969 potius,
747 1936 787 1946 ..
811 1882 944 1947 dimidia
966 1883 1048 1948 enim
1072 1906 1148 1969 pars
1169 1882 1303 1969 periculi

180 1995 229 2050 est
249 1994 357 2062 noctu,
378 1983 440 2049 hoa
462 1993 509 2050 est
526 2007 584 2071 spe
600 1984 702 2070 somni
715 1983 913 2063 bibentibus,
929 2037 971 2049 -
985 2008 1045 2051 nec
1063 2009 1083 2050 a
1097 1995 1193 2071 partu
1208 1984 1302 2050 abor-

179 2095 253 2151 tuve
280 2109 340 2152 nec
369 2108 389 2151 a
408 2086 542 2152 libidine
563 2086 822 2172 aegrotantibus,
853 2086 967 2152 necin
990 2087 1104 2174 capitis
1126 2087 1300 2164 doloribus,

177 2209 238 2253 nec
259 2210 394 2272 quorum
416 2189 616 2254 accessiones
639 2211 711 2254 oum
733 2189 852 2275 frigore
874 2190 1111 2254 extremitatum
1131 2189 1220 2267 fient,
1242 2210 1303 2253 nea

176 2291 211 2355 in
231 2289 313 2354 febri
335 2290 554 2368 tussientibus,
577 2311 636 2355 neo
658 2290 693 2353 in
715 2300 852 2355 tremore
873 2313 1045 2356 nervorum
1067 2291 1118 2356 vel
1136 2290 1301 2355 doloribus

176 2392 317 2457 faucium
339 2402 394 2456 aut
418 2392 445 2457 si
466 2393 516 2458 vis
537 2390 642 2457 morbi
668 2391 754 2456 circa
779 2391 833 2456 ilia
854 2391 1074 2480 intellegatur,
1101 2390 1217 2456 necin
1239 2390 1300 2455 du·

177 2493 252 2558 ritia
272 2494 542 2581 praecordiorum,
565 2515 718 2558 venarum
740 2492 950 2570 vehementia,
976 2514 1080 2577 neque
1100 2492 1135 2556 in
1157 2492 1299 2578 opistho-

177 2606 263 2674 tono,
287 2607 403 2675 tetano,
425 2619 486 2661 neo
508 2593 780 2682 singultientibus,
802 2617 862 2660 nec
885 2594 912 2660 si
935 2618 1008 2661 curn
1030 2593 1112 2658 febri
1134 2594 1299 2681 dyspnoea

176 2695 235 2774 sit3
263 2699 404 2762 minume
431 2720 508 2763 vcro
535 2697 635 2762 oculis
660 2694 844 2783 rigentibus
875 2707 908 2761 et
933 2697 1026 2784 genis
1054 2695 1213 2762 stantibus
1242 2706 1343 2761 autes

208 2871 285 2935 mayis
296 2870 442 2934 constringit,
454 2886 504 2920 om.
516 2870 551 2919 V.

208 2938 277 3001 §lb
296 2937 373 2987 dolori
383 2938 412 2998 si,
428 2941 451 2989 d.
471 2936 571 2998 dolores,
587 2938 620 2987 V.
640 2978 671 2987 ..
694 2937 851 2998 reumatismo,
868 2938 894 2987 V
910 2938 1012 3001 ubique.
1040 2958 1076 2987 -·
1099 2935 1297 3001 infimitantiam

172 3008 231 3057 Vd.
250 3047 282 3056 ..
300 3005 532 3070 inflammationem,
545 3008 568 3056 d.
589 3045 620 3054 .-
638 3003 834 3066 haneletionibns,
850 3007 885 3055 V.
905 3046 936 3055 ..
952 3005 1052 3069 piceam,
1070 3001 1158 3056 OVT.
1178 3005 1295 3069 piaem‚d

174 3074 260 3138 (codd.
272 3072 391 3137 Barbari)
402 3068 453 3137 βγ.
467 3114 498 3123 ..
517 3071 610 3124 Helven
621 3088 723 3138 cypacro
735 3081 847 3133 cotamen,
859 3075 891 3124 V.
910 3072 990 3122 belam
1002 3089 1104 3138 cypacro
1115 3088 1161 3137 qna
1173 3080 1258 3133 tamen,
1271 3073 1295 3121 d.

174 3140 298 3191 helvenace
310 3157 401 3204 qaoque
413 3149 498 3203 tamen,
508 3136 560 3206 βγ.
576 3141 627 3191 Hic
639 3156 687 3204 ego
699 3143 807 3205 primum
820 3139 960 3190 helvennaca
972 3143 1060 3205 scripsi
1073 3142 1132 3191 coll.
1145 3147 1184 3202 14,
1195 3147 1236 3190 32.
1246 3147 1295 3200 84,

174 3211 266 3260 deinde
284 3210 346 3258 eieci
368 3211 488 3273 copulam
503 3225 593 3273 qaoque
610 3210 719 3258 orationi
735 3225 838 3274 prorsus
856 3210 1007 3259 contrariam
1023 3210 1117 3273 unique
1136 3209 1296 3258 librariorum

175 3277 368 3342 interpolationi
385 3279 507 3340 debitem3
525 3279 585 3342 quid
602 3277 725 3327 tamenin
742 3278 845 3341 syllabis
857 3294 959 3343 cypaaro
972 3294 998 3327 co
1008 3279 1051 3327 vel
1062 3293 1108 3341 qno
1120 3279 1204 3336 lateat,
1216 3278 1296 3327 incer·

174 3354 237 3396 tum.
255 3346 341 3394 Verba
356 3346 433 3397 Plinii
452 3351 491 3407 14,
507 3351 554 3408 18,
573 3361 638 3410 quae
649 3346 701 3394 huc
712 3345 798 3395 referri
809 3347 919 3411 possint:
937 3345 995 3395 aitis
1008 3362 1053 3410 per
1068 3362 1093 3394 se
1109 3344 1134 3394 in
1151 3345 1204 3394 vino
1216 3345 1295 3410 picem

173 3411 326 3477 resipiens..
333 3413 479 3462 ..Arverno
488 3413 644 3478 Sequanoqae
656 3421 678 3462 et
685 3412 786 3464 Heluian
796 3414 920 3479 generibus
931 3431 977 3463 non
986 3412 1080 3479 pridem
1092 3412 1221 3475 illustrata,
1230 3415 1296 3463 nihil

174 3480 265 3531 anxilii
294 3482 406 3530 raebent.

208 3496 446 3612 §48.panlitudines‚
458 3550 502 3598 V²
513 3551 537 3599 d.
557 3589 588 3598 ..
598 3548 676 3611 sebm',
693 3541 775 3600 OVd.
790 3550 870 3614 febre,
881 3544 911 3611 β.
929 3590 960 3599 ..
984 3548 1075 3613 aepm’a'
1088 3542 1196 3599 OVTd.
1214 3547 1296 3611 aspris

175 3615 261 3676 vinnm,
273 3611 303 3677 β.
322 3657 353 3666 -
372 3615 509 3678 declinanti,
520 3618 555 3666 V.
575 3657 606 3665 .-
624 3616 765 3676 remissiones,
776 3618 802 3666 V
815 3619 851 3666 nti
863 3619 1007 3679 aliquoties.
1026 3656 1057 3664 ..
1076 3615 1143 3674 enim,
1155 3630 1206 3662 om.
1220 3615 1243 3662 d.
1263 3654 1294 3662 -

172 3683 275 3749 periculi
285 3685 351 3733 abest
362 3693 437 3747 nacta,
448 3687 481 3735 K.
499 3726 529 3734 ..
549 3699 603 3747 spes
614 3684 726 3743 amnibus,
738 3685 793 3733 Vd.
807 3724 837 3733 ..
856 3699 897 3731 nec
908 3697 925 3730 a
933 3679 1232 3746 parta-aeprotantibus,
1245 3696 1294 3730 om.

175 3754 229 3803 Vd.
248 3793 280 3802 ..
294 3752 366 3815 stent,
378 3755 433 3805 Vd.
444 3753 521 3816 finnt,
535 3747 586 3815 βγ.
606 3792 636 3801 ..
655 3766 777 3799 nervorum
789 3749 833 3813 ael,
849 3742 929 3800 OVd.
947 3744 1184 3812 nervorumquefiy.
1204 3789 1234 3797 ..
1253 3746 1295 3796 do-

175 3818 264 3869 loribus
271 3821 392 3885 faaeinm,
408 3824 444 3872 ita
460 3837 508 3870 nos
524 3820 675 3884 scripsimus.
695 3817 813 3866 dolaribta
829 3816 867 3866 ael
874 3817 993 3882 sauciam,
1006 3812 1056 3882 βγ.
1083 3857 1108 3866 ..
1132 3814 1184 3876 ιἸἰα,
1197 3817 1229 3867 Κ.
1242 3815 1293 3878 illa,

175 3883 278 3952 vostr.
298 3930 327 3938 ..
334 3888 478 4017 beriam,
492 3889 524 3939 Κ.
544 3928 574 3938 ..
595 3894 688 3936 tetanan
699 3894 729 3949 et,
741 3886 775 3935 V.
795 3893 904 3935 taetancn
916 3893 945 3948 et,
957 3889 981 3935 d.
1000 3926 1031 3934 -
1046 3884 1124 3948 febri,
1140 3879 1168 3934 θ.
1177 3883 1293 3947 sebridis,

176 3957 232 4006 Vd.
242 3957 322 4019 febre,
357 3993 363 4006 .

208 4026 223 4087 §
235 4030 276 4073 49.
294 4032 316 4073 et
326 4024 404 4089 yenis3
420 4040 467 4089 pro
479 4026 519 4074 his
530 4040 569 4074 vv.
581 4026 678 4074 habent
689 4021 777 4086 egentis
787 4022 843 4073 Vd.
866 4062 897 4071 ..
920 4020 1040 4087 praeibas,
1051 4021 1107 4070 Vd.
1129 4020 1292 4084 precibusque,

173 4087 224 4157 βγ.
239 4132 269 4141 -.
283 4108 331 4153 nec,
344 4095 367 4141 d.
385 4108 421 4154 ne,
433 4091 672 4150 V...aoniaentiam‚
684 4092 718 4140 V.
732 4132 763 4141 ..
771 4089 930 4155 palpebrisve,
946 4084 1056 4140 OVTd.
1069 4105 1112 4138 nen
1121 4087 1251 4153 palpebris,
1263 4084 1292 4150 β.

175 4201 207 4210 ..
225 4159 308 4219 euenit,
329 4152 410 4210 OVd.
434 4160 527 4222 eveniet,
544 4156 594 4224 βγ.
617 4201 648 4209 ..
670 4166 720 4218 ant,
736 4162 760 4210 d.
776 4157 818 4219 ad,
834 4159 868 4208 V.
891 4198 923 4208 ..
945 4173 1048 4219 cruores,
1064 4159 1097 4208 V.
1122 4195 1154 4207 ...
1178 4155 1292 4219 lemae,d

173 4225 262 4290 (codd.
279 4226 406 4290 Barbari).
429 4227 510 4288 laena
527 4229 560 4277 V.
579 4268 610 4277 ..
633 4243 675 4277 nec
689 4226 769 4292 praui,
785 4228 839 4278 Vd.
863 4223 901 4275 ael
915 4225 995 4290 pravi,
1011 4228 1044 4276 K.
1070 4266 1100 4274 -
1123 4228 1200 4285 rarsi,
1213 4226 1236 4274 d.
1261 4266 1291 4273 ..

173 4293 317 4360 effundam,
328 4295 362 4345 V.
380 4293 525 4358 effundam,
539 4290 640 4359 ouer.
