2918 4800
398 333 468 379 ms.
485 333 603 380 xx1111.
634 333 711 380 can
728 332 776 381 1x.
807 331 905 380 sacr.
921 334 1003 377 aaa
1220 316 1258 379 67

139 483 312 550 hordeacia
332 483 443 549 mollit.
480 483 642 550 Lichenas
672 494 704 548 ct
729 482 899 572 lentigines
927 505 1000 549 cum
1022 483 1205 570 aphronitro
1227 496 1259 552 et
1273 503 1305 548 oa

139 599 230 653 aceto
252 608 361 651 semen
383 597 484 664 sanat,
513 595 545 651 et
573 585 638 651 oris
666 585 773 651 ulcera
803 595 835 650 et
856 585 1040 670 eruptiones
1062 608 1133 653 cum
1156 587 1259 666 melle,

139 687 267 752 testium
289 709 364 752 cum
384 685 502 771 butyro
518 698 550 753 et
564 687 648 752 foliis
663 686 787 764 vitium,
810 685 972 773 rhagadas
987 685 1073 753 sedis
1087 709 1160 753 oum
1176 710 1260 772 aqua

138 788 273 865 inlitum,
294 787 404 853 luxata
426 811 499 854 oum
521 788 586 854 sale
608 799 641 855 et
661 788 746 853 nitro
768 798 802 852 et
823 810 907 853 cera.
929 787 974 852 Et
989 789 1110 854 semine
1132 800 1163 855 et
1183 789 1259 856 folio

138 887 267 954 additur
288 890 322 954 in
343 890 534 976 malagmata
555 911 725 955 nervorum
747 900 779 954 et
800 889 980 976 podagras3
1016 912 1125 956 semen
1153 890 1259 957 instil-

137 990 220 1056 latur
240 991 275 1055 in
296 991 365 1058 oleo
388 991 554 1057 decoctum
576 990 673 1078 capiti
686 991 720 1055 in
735 990 882 1078 lethargo
895 1001 927 1055 et
941 990 1102 1078 phrenesi.
1124 990 1260 1079 Virgam

137 1090 248 1175 quiin
270 1115 366 1158 manu
394 1091 534 1158 habeant
559 1103 615 1158 aut
642 1092 676 1157 in
705 1092 814 1158 cinctu
842 1102 1003 1180 negantur
1028 1091 1260 1180 intertriginem

137 1192 266 1258 sentire.

178 1296 229 1360 39.
259 1294 379 1361 Ericen
403 1292 521 1361 Graeci
544 1307 659 1361 vocant
682 1295 829 1360 fruticem
856 1315 920 1358 non
942 1294 1077 1359 multum
1099 1318 1118 1360 a
1139 1296 1260 1380 myrice
1273 1311 1305 1356 se

136 1394 346 1475 differentem,
370 1397 474 1463 colore
495 1396 691 1463 rorismarini
715 1407 747 1462 et
767 1419 871 1482 paene
893 1395 987 1473 foli03
1010 1395 1070 1462 hoc
1093 1397 1258 1463 adversari

136 1498 340 1583 serpentibus
362 1498 499 1565 tradunt

178 1602 229 1663 40.
260 1597 396 1666 Genista
417 1623 544 1685 quoque
573 1599 691 1665 vinculi
718 1623 812 1666 usum
841 1611 996 1686 praestat,
1025 1601 1113 1666 floris
1142 1602 1258 1689 apibus
1272 1613 1303 1660 ⁶⁵

134 1700 318 1787 gratissimi.
340 1700 466 1767 Dubito
487 1724 528 1766 an
550 1701 629 1766 haec
651 1700 692 1765 sit
713 1723 810 1785 quam
826 1697 943 1766 Graeci
959 1712 1105 1768 auctores
1127 1715 1257 1789 sparton

134 1802 346 1889 appellavere,
370 1825 443 1867 cum
465 1825 505 1867 ex
527 1825 566 1867 ea
586 1801 652 1867 lina
672 1801 845 1890 piscatoria
866 1802 953 1887 apud
976 1827 1030 1869 eos
1044 1803 1183 1870 factitari
1198 1805 1257 1869 do·

135 1903 265 1982 ouerim,
295 1914 328 1969 et
348 1903 504 1988 numquid
531 1904 615 1969 hanc
637 1903 853 1992 designaverit
876 1903 1050 1982 Homerus,
1080 1929 1152 1972 cum
1175 1904 1258 1970 dixit

133 2006 262 2071 navium
296 2018 404 2092 sparta
437 2006 614 2084 dissoluta3
650 2005 793 2070 nondum
825 2005 909 2070 enim
942 2005 1041 2071 fuisse
1072 2006 1257 2092 Hispanum

134 2106 364 2174 Africanumve
386 2119 529 2193 spartum
550 2108 584 2173 in
605 2131 669 2172 usu
690 2118 813 2173 certum
835 2117 894 2185 est,
919 2119 951 2172 et
974 2131 1047 2173 cum
1067 2107 1181 2173 fierent
1202 2129 1256 2172 su·

134 2209 203 2275 tiles
229 2233 339 2287 naves,
366 2210 431 2275 lino
458 2220 669 2288 tamen,‘non
692 2220 802 2294 sparto
824 2231 978 2293 umquam
1000 2220 1098 2275 sutas.
1138 2207 1257 2274 Semen

134 2311 203 2376 eius
224 2312 310 2396 quod
333 2310 450 2378 Graeci
473 2312 586 2377 eodem
607 2311 735 2375 nomine
758 2310 921 2396 appellant
942 2310 976 2375 in
999 2311 1148 2377 folliculis
1174 2310 1255 2396 pha-

133 2413 290 2478 seolorum
311 2414 406 2478 modo
426 2435 563 2478 nascens
585 2423 703 2501 purgat
724 2411 877 2477 hellebori
899 2413 969 2478 vice
992 2412 1144 2478 drachma
1158 2423 1190 2477 et
1204 2412 1254 2476 di-

132 2514 229 2578 midia
250 2523 328 2598 pota
348 2514 382 2577 in
403 2536 504 2597 aquae
527 2513 649 2578 mulsae
671 2513 796 2598 cyathis
824 2525 977 2598 quattuor
998 2514 1123 2580 ieiunis.
1160 2513 1255 2578 Remi
1268 2523 1300 2570 6⁶

132 2615 277 2680 similiter
305 2637 378 2680 cum
407 2615 518 2680 fronde
545 2616 578 2679 in
606 2627 696 2681 aceto
725 2617 876 2680 macerati
902 2616 1049 2702 pluribus
1081 2616 1195 2682 diebus
1222 2626 1254 2681 et

132 2717 217 2782 tunsi
241 2740 353 2783 sucum
376 2717 453 2781 dant
474 2716 655 2783 ischiadicis
677 2717 787 2783 utilem
809 2718 916 2803 cyathi
938 2719 1034 2783 unius
1055 2731 1152 2806 potu3
1180 2719 1252 2804 qui-

130 2818 205 2882 dam
237 2818 361 2883 marina
392 2841 476 2904 aqua
507 2842 668 2885 macerare
695 2819 819 2886 malunt
846 2832 878 2885 et
905 2821 1073 2886 infundere
1105 2821 1252 2907 clystere.

130 2918 362 3010 Perunguntur
377 2920 489 2987 eodem
507 2945 584 2988 suco
599 2921 763 2989 ischiadici
777 2922 887 2988 addito
903 2924 982 2989 oleo.
1007 2921 1149 3005 Quidam
1165 2935 1196 2989 et
1210 2922 1252 2987 ad

130 3092 237 3158 hemma
252 3111 387 3158 neruoram
405 3096 470 3146 haec
485 3112 525 3146 vv.
541 3097 585 3146 vix
601 3112 670 3147 sane.
691 3097 792 3148 Etenim
807 3097 879 3147 nullo
892 3099 943 3148 alio
955 3099 981 3148 iu
992 3097 1049 3148 loco
1062 3099 1118 3148 voci
1130 3094 1252 3160 malayara

129 3163 210 3212 morbi
221 3177 314 3212 nornen
326 3165 433 3225 additur,
445 3173 471 3215 et
481 3167 525 3214 vix
538 3166 634 3225 dubito,
653 3165 714 3228 quin
726 3164 750 3214 in
762 3163 910 3229 mobspmata
927 3164 1158 3215 adcurationem
1170 3178 1251 3211 neruo·

129 3231 403 3281 rumeitscribendum.
426 3274 457 3282 ..
482 3231 613 3296 podapras,
626 3249 648 3282 a.
674 3231 861 3297 podapru,Vd.
884 3231 1017 3296 podagrae,
1030 3233 1143 3283 Gronov.
1162 3270 1193 3279 ..
1218 3227 1250 3276 le-

130 3293 264 3361 ϋιανφοβ.
286 3297 396 3364 lethargi,
408 3301 442 3349 V.
470 3295 699 3364 letbarpiu,adssr.
720 3340 750 3349 ..
772 3299 899 3362 phreai‚a.
917 3299 1061 3360 sreai,Vd.
1081 3337 1113 3348 ..
1130 3296 1251 3356 incincta,

131 3358 260 3416 OVTad.
278 3358 363 3427 eirictu,
375 3364 404 3429 β.
424 3408 454 3416 ..
473 3375 594 3426 necantur,
606 3368 640 3415 V.
660 3408 691 3416 ..
709 3365 853 3430 vertiginem,
866 3368 896 3417 T.

162 3431 177 3494 ξ
190 3439 230 3483 64.
248 3451 266 3483 o
277 3434 372 3500 myriae,
384 3436 487 3485 Barbar.
500 3451 523 3484 a.
544 3450 561 3481 a
574 3432 648 3494 hiliae,
659 3436 694 3483 V.
717 3431 799 3495 dulice,
811 3434 865 3484 Τὰ.
886 3431 996 3495 chuliae,
1009 3434 1076 3486 Pint.
1096 3432 1213 3485 Cetemm
1226 3446 1250 3480 v.

126 3501 243 3552 Dioscor.
258 3509 280 3564 l,
295 3507 350 3554 117.
369 3544 400 3553 -
422 3500 528 3563 colorem,
541 3502 665 3552 Harduiai
678 3515 776 3566 operae.

161 3571 228 3634 565.
248 3568 329 3632 floris,
346 3570 378 3620 V.
405 3568 497 3631 Florea,
515 3565 609 3633 adssr.
631 3611 662 3619 -
690 3585 769 3634 quam,
785 3569 840 3620 Vd.
868 3567 938 3634 quod,
954 3585 977 3620 a.
1001 3610 1032 3621 ..
1059 3566 1187 3632 apodas,
1204 3569 1249 3618 ad.

125 3645 214 3699 puteos,
232 3639 265 3687 V.
288 3678 320 3688 ..
349 3637 465 3687 timuerim
483 3643 522 3698 la,
537 3643 576 3688 15.
595 3679 626 3688 ..
650 3635 795 3703 desiqaaur't,
812 3640 836 3688 d.
860 3679 891 3688 -
919 3638 1038 3690 Homerus
1054 3637 1127 3687 Iliad.
1142 3630 1172 3697 β,
1192 3640 1248 3686 136.

127 3744 158 3753 -
181 3705 318 3770 ffupaaroa
333 3705 518 3768 Africanumoe,
534 3699 592 3756 θΤ.
619 3722 718 3770 monum
735 3704 920 3768 Africanumoe,
937 3707 988 3756 Vd.
1014 3701 1248 3768 tisricaaumueha.

125 3770 270 3834 Asrt'cunum
281 3771 319 3822 ael
328 3774 472 3838 Hispanum,
483 3770 534 3838 βγ.
554 3815 585 3824 ..
603 3783 718 3838 spartam,
734 3766 812 3825 θΤα.
830 3774 927 3836 siarum,
939 3776 994 3824 Vd.
1013 3813 1044 3822 -
1058 3770 1247 3836 fierentsutilea,

124 3839 200 3890 Vad.
218 3839 398 3904 autdeefiereat,
407 3837 458 3906 βγ,
473 3884 503 3892 -
518 3850 595 3891 tamea
607 3850 630 3891 et
640 3858 764 3906 numquam
777 3850 860 3906 sparto
871 3843 986 3903 saturali.
1000 3881 1031 3890 -
1047 3838 1213 3903 passiolorum,
1223 3856 1246 3892 u.

123 3906 261 3970 portiolam,
273 3910 328 3959 Vd.
348 3950 379 3959 -
398 3909 549 3972 nascentium,
561 3911 637 3961 Vad.
657 3950 688 3960 -
706 3908 816 3975 dragma,
828 3911 862 3960 V.

158 3977 227 4038 §aa
249 3975 359 4025 similiter
367 3976 459 4041 fronde
477 3979 571 4028 omisso
587 3994 646 4040 cum,
658 3979 732 4028 Vad.
756 3977 824 4028 Cum
841 3992 899 4027 vero
916 3991 997 4040 nequo
1008 3975 1148 4027 Marcellus
1159 3976 1247 4041 Empi-

124 4041 190 4093 riens
211 4050 251 4095 25.
269 4059 351 4108 neque
367 4045 432 4095 Pliu.
449 4046 536 4096 Valer.
555 4051 579 4107 2,
596 4052 636 4096 45.
659 4047 727 4095 hunc
746 4046 832 4095 locum
853 4045 1022 4094 exscribentes
1041 4045 1174 4095 verborum
1195 4060 1246 4092 cam

115 4108 208 4168 fronde
219 4113 270 4162 sint
282 4127 415 4172 memores,
428 4121 453 4161 et
464 4115 629 4163 Dioscorides
638 4121 662 4174 4,
673 4118 728 4163 155.
742 4114 850 4162 similem
863 4112 998 4163 mixturam
1011 4112 1119 4163 referens
1130 4112 1245 4162 frondem

123 4179 217 4242 pariter
229 4181 338 4241 omittat,
350 4181 427 4230 verba
438 4179 586 4244 cumfronde
597 4182 659 4231 mihi
671 4195 792 4246 perquam
804 4188 921 4244 suspecta
932 4181 1056 4232 videntur.
1069 4220 1100 4231 ..
1121 4178 1199 4238 tussia
1212 4180 1244 4228 V.

125 4285 155 4294 -
173 4245 358 4309 εοίαᾰίεὺΝᾱ.
378 4289 408 4297 -
424 4246 484 4312 poti,
498 4264 520 4298 a.
541 4289 570 4298 ..
589 4246 663 4310 etad,
679 4240 810 4302 evras.
828 4245 869 4310 ad,
880 4242 930 4312 βγ.

1024 4314 1041 4346 ff
