2918 4800
422 327 491 372 nm.
507 325 607 372 xxxr.
637 325 715 370 car.
731 326 767 372 11.
797 323 895 370 ssor.
912 324 941 366 n.
960 324 987 366 n.
1199 307 1261 368 433

142 481 292 569 piscium,
320 477 458 561 ideoque
485 476 531 542 ibi
554 488 652 562 caput
673 474 776 539 amnis
799 473 868 540 eius
890 473 1046 560 intellegit
1074 474 1176 552 fama3
1204 475 1263 540 hoc

142 583 228 648 idem
251 595 283 645 et
304 582 336 644 in
360 579 469 664 Lydia
490 580 523 643 in
547 590 662 664 stagno
675 577 898 663 Nympharum
921 576 1059 641 tradunt.
1083 574 1122 639 In
1138 575 1264 642 Achaia
1276 594 1307 637 rs
1344 596 1346 603 ·

143 685 185 748 ad
199 682 366 748 Pheneum
382 703 465 766 aqua
478 680 607 766 profluit
621 703 661 745 ex
677 678 775 756 saxis,
790 677 875 763 Styx
891 676 1062 764 appellata,
1085 699 1166 759 quae
1181 675 1264 740 illico

143 795 247 862 necat,
268 794 305 848 ut
327 783 467 847 diximus
474 807 483 859 ;
507 781 564 847 sed
584 804 655 847 esse
670 780 769 866 piscis
790 802 907 867 parvos
928 781 961 844 in
983 802 1021 844 ea
1043 779 1142 844 tradit
1156 777 1264 843 Theo-

143 887 303 973 phrastus,
324 883 427 950 letalis
448 895 481 949 et
500 882 601 969 ipsos,
623 883 711 967 quod
732 906 796 948 non
817 882 851 946 in
873 881 936 946 alio
951 903 1070 967 genere
1085 881 1263 945 mortifero-

144 1011 215 1053 rum
236 985 383 1051 fontium.
404 984 529 1050 Necare
551 1007 652 1069 aquas
670 983 899 1070 Theopompus
921 993 952 1048 et
973 982 1008 1047 in
1021 981 1160 1048 Thracia
1180 981 1267 1069 apud

145 1089 292 1175 Cychros
314 1087 403 1165 dicit,
434 1086 545 1171 Lycus
566 1087 600 1150 in
622 1086 793 1152 Leontinis
816 1086 909 1151 tertio
931 1085 982 1150 die
1005 1108 1101 1170 quam
1122 1086 1194 1171 quis
1216 1085 1266 1150 bi-

144 1191 239 1269 berit,
262 1190 369 1256 Varro
391 1189 433 1253 ad
448 1185 603 1254 Soracten
623 1189 658 1253 in
679 1188 768 1253 fonte
791 1187 882 1252 cuius
905 1187 947 1252 sit
967 1188 1102 1252 latitudo
1118 1196 1268 1271 quattuor

145 1293 265 1380 pedum
272 1319 281 1371 3
313 1292 379 1357 sole
406 1291 527 1356 oriente
556 1314 629 1356 eum
659 1290 823 1356 exundare
849 1289 987 1355 ferventi
1015 1289 1165 1368 similem,
1200 1288 1268 1354 avis
1282 1306 1313 1350 st

145 1417 228 1480 quae
257 1393 499 1480 degustaverint
524 1392 614 1456 iuxta
641 1403 783 1458 mortuas
808 1392 923 1457 iacere.
959 1389 1107 1477 Namque
1134 1402 1167 1456 et
1192 1391 1271 1458 haec

146 1495 302 1561 insidiosa
324 1494 465 1560 conditio
487 1503 544 1571 est,
573 1494 659 1579 quod
680 1494 838 1579 quaedam
866 1495 962 1559 etiam
983 1493 1191 1560 blandiuntur
1212 1493 1269 1557 ad-

148 1608 271 1684 spectu,
292 1607 330 1661 ut
351 1596 393 1661 ad
406 1594 582 1661 Nonacrim
601 1595 778 1672 Arcadiae3
802 1650 841 1658 ..
865 1595 994 1660 omnino
1013 1596 1098 1660 enim
1112 1595 1199 1660 nulla
1213 1595 1270 1659 de-

148 1708 268 1765 terrent
288 1698 441 1781 qualitate
448 1722 457 1775 3
475 1751 516 1761 -
530 1697 614 1762 hanc
635 1707 752 1782 putant
774 1696 871 1760 nimio
893 1697 1014 1782 frigore
1037 1719 1108 1763 esse
1129 1697 1271 1775 noxiam,

147 1811 258 1886 utpote
280 1822 353 1864 cum
374 1797 538 1884 profluens
559 1799 631 1883 ipsa
651 1798 838 1884 lapidescat.
860 1796 965 1865 Aliter
986 1798 1072 1865 circa
1085 1797 1273 1864 Thessalica
1285 1813 1317 1858 ts

149 1899 282 1985 Tempe,
310 1901 461 1983 quoniam
483 1900 573 1965 virus
602 1900 751 1965 omnibus
773 1901 886 1964 terrori
908 1912 956 1965 est
978 1901 1171 1985 traduntque
1193 1923 1274 1965 aena

149 2000 245 2066 etiarn
257 2024 294 2066 ac
308 2002 427 2065 ferrum
442 2001 530 2066 erodi
544 2000 600 2066 illa
614 2023 713 2086 aqua3
735 2000 875 2088 profluit,
891 2013 928 2066 ut
941 2000 1165 2081 indicavimus,
1182 2001 1273 2067 brevi

150 2102 263 2186 spatio,
286 2102 465 2185 mirumque
488 2101 603 2186 siliqua
625 2103 781 2169 silvestris
803 2103 952 2189 amplecti
966 2104 1129 2170 radicibus
1152 2105 1273 2170 fontem

150 2225 223 2267 eum
245 2203 360 2268 dicitur
383 2227 509 2289 semper
530 2204 646 2269 florens
667 2228 828 2291 purpura3
860 2216 893 2270 et
915 2206 1072 2288 quaedam
1097 2207 1147 2271 sui
1172 2229 1271 2295 gene-

150 2305 195 2368 ris
216 2304 316 2370 herba
345 2305 377 2368 in
404 2305 502 2370 labris
524 2306 622 2371 fontis
648 2307 741 2372 viret.
777 2305 816 2369 In
838 2305 1041 2387 Macedonia,
1070 2331 1134 2374 non
1160 2311 1272 2394 procul

182 2478 251 2540 §aa
269 2478 338 2528 dirae
351 2481 428 2540 tesius,
440 2481 474 2530 V.
494 2522 525 2530 ..
543 2480 663 2544 Arminio,
674 2483 708 2532 V.
728 2524 758 2532 ..
778 2481 868 2540 fontem
885 2498 933 2530 asse
948 2482 1037 2543 scribit,
1050 2483 1112 2533 VR.
1130 2482 1212 2531 scribit
1221 2498 1273 2530 esse

141 2542 330 2612 sauromatis.
349 2589 381 2598 ..
404 2549 493 2612 nipros,
511 2551 560 2599 let
583 2549 658 2613 nipre,
676 2552 751 2601 VR¹.
772 2550 845 2614 nipri,
861 2552 885 2599 d.
909 2592 940 2599 ..
963 2550 1081 2614 Danuvii,
1096 2553 1131 2601 V.
1153 2551 1271 2611 Danubii,

150 2610 253 2679 Βᾱβγ.
267 2656 298 2665 -
312 2614 416 2678 ideoque,
428 2619 499 2667 R2d.
517 2615 629 2680 adeoque,
642 2618 745 2669 VR'T.
758 2659 789 2668 ..
803 2617 880 2667 amnis
891 2618 949 2680 eius,
961 2620 1017 2670 Vd.
1036 2619 1086 2667 eius
1097 2620 1182 2681 amnis,
1191 2615 1271 2683 Ray.

151 2724 182 2732 ..
202 2681 319 2746 intellipit,
336 2677 493 2734 OVRTdr.
512 2683 658 2750 intellipitur‚
670 2681 699 2747 β

184 2749 252 2811 §ta
269 2750 300 2799 In
316 2750 421 2810 Achaia,
437 2753 518 2802 RTd.
536 2752 570 2803 In
585 2752 673 2815 Aelia,
685 2754 719 2804 V.
736 2752 767 2802 In
778 2751 890 2814 Inachia,
907 2746 935 2804 θ.
953 2753 983 2803 In
994 2753 1114 2816 Arcadia,
1126 2756 1230 2805 Barbar.
1242 2750 1271 2814 β.

152 2858 182 2866 ..
193 2834 228 2877 ea,
245 2819 308 2870 VR.
331 2835 350 2878 e,
367 2814 438 2883 ᾱβγ.
450 2861 480 2870 ..
492 2819 623 2884 appellata,
640 2823 689 2873 1t2.
708 2821 854 2886 appellatur,
871 2816 1045 2887 Numer.
1065 2864 1096 2872 -
1114 2838 1183 2885 quae,
1200 2825 1271 2873 R²d.

151 2886 240 2936 Omitt.
252 2887 358 2937 VR1T.
376 2928 407 2937 -
431 2885 535 2937 dirimas
552 2896 575 2950 2,
594 2895 651 2940 231.
670 2895 784 2951 30,149.
804 2933 835 2940 ..
853 2889 953 2949 Necari,
970 2893 1032 2942 VR.
1056 2933 1087 2939 -
1114 2889 1225 2950 Threcia,
1237 2891 1271 2940 V.

154 2952 266 3016 Troclea,
284 2955 358 3004 codd.
374 2957 488 3005 Barbari.
508 2997 538 3005 ..
565 2955 676 3021 Cycliros,
689 2960 713 3007 d.
734 2956 821 3017 Oinoa,
833 2960 895 3008 VR.
917 2956 1023 3023 Olytros,
1039 2960 1143 3008 Barbar.
1165 2956 1272 3018 Clropas

150 3020 191 3070 vel
205 3019 328 3085 Cbropsos,
339 3024 429 3072 Doleo.
450 3021 592 3087 Cyclropas,
604 3026 729 3074 Harduin.
746 3065 778 3073 -
795 3024 876 3084 Lisos,
888 3026 943 3074 Vd.
958 3066 988 3074 -
1002 3041 1073 3087 quam
1086 3023 1145 3087 quis,
1157 3024 1271 3074 VR'l'd.

150 3088 174 3137 si
184 3089 317 3154 quaquam,
327 3087 356 3151 β.
376 3131 408 3140 ...
426 3088 549 3148 Soracten,
567 3092 590 3140 d.
615 3090 723 3152 Soracte,
736 3093 768 3141 R.
791 3090 914 3152 Soraotae,
926 3092 960 3140 V.
979 3091 1109 3154 Soracten,
1123 3091 1270 3143 Schneider.

150 3167 285 3219 grammat.
296 3160 354 3209 Lat.
367 3162 391 3207 2.
403 3173 428 3221 p.
442 3165 499 3209 462.
512 3159 572 3208 coll.
586 3163 609 3220 t,
624 3165 663 3210 19.
683 3200 713 3208 -
731 3157 827 3222 scripsit
837 3160 992 3222 essefontern,
1005 3160 1038 3209 K.

186 3223 254 3285 527.
272 3227 459 3284 aues‚VRTd.
483 3242 590 3289 avesque,
606 3223 636 3287 β.
660 3268 692 3276 -
715 3225 900 3290 deputrauerint,
918 3228 1003 3277 VRd.
1023 3222 1220 3291 qustauerint,ss
1239 3268 1270 3276 ..

150 3291 290 3354 Nonacrim,
299 3295 383 3343 VRd.
395 3292 528 3357 Nonacria,
539 3292 589 3359 βγ.
604 3337 635 3344 ..
648 3293 748 3344 deterret
760 3292 874 3357 qualitate
885 3293 929 3344 sed
939 3293 1007 3356 lanc,
1016 3297 1048 3345 K.
1061 3296 1110 3345 Vir
1121 3297 1218 3355 doctus,
1228 3295 1271 3359 qui

151 3361 218 3410 hanc
232 3363 400 3411 coniecturam
416 3364 528 3425 protulit,
547 3371 615 3413 recte
631 3365 733 3426 quidem
749 3364 876 3413 intellexit
891 3364 980 3414 locum
994 3373 1139 3427 corruptum
1153 3379 1216 3424 esse,
1233 3371 1270 3414 ta-

150 3443 209 3477 men
217 3429 273 3492 ipsa
282 3431 334 3479 eius
344 3432 488 3480 coniectura
501 3432 595 3482 nullius
608 3440 646 3482 est
658 3433 740 3495 pretii.
752 3432 892 3495 Aptissima
901 3448 960 3481 vero
969 3433 1055 3496 prodit
1064 3433 1195 3491 sententia,
1205 3433 1226 3482 si
1235 3433 1270 3482 le-

150 3497 255 3547 nissima
265 3499 407 3548 mutatione
423 3500 568 3550 scribimus:
587 3498 679 3548 ornnino
696 3500 755 3548 enirn
771 3498 883 3548 nonnulla
899 3498 1015 3548 deterrere
1031 3499 1152 3563 qualitate.
1171 3500 1270 3551 Plinius

151 3564 218 3613 enim
231 3566 330 3615 dixerat
342 3569 466 3628 quaedam
480 3569 536 3631 ipso
549 3571 670 3632 adspectu
682 3568 797 3627 blandiri,
814 3569 885 3617 cuius
901 3569 937 3617 rei
950 3570 1097 3631 exemplum
1109 3568 1194 3617 statim
1205 3567 1271 3617 infra

150 3631 221 3680 addit
229 3631 327 3683 fontem
337 3637 369 3684 ad
378 3633 528 3697 Nonacrim3
540 3651 586 3699 per
594 3636 759 3699 parenthesin
770 3651 830 3684 vero
842 3644 930 3685 monet
941 3637 1066 3685 nonnulla
1078 3651 1138 3685 sane
1150 3636 1271 3699 qualitate

151 3714 197 3748 sna
210 3701 343 3762 deterrere,
361 3702 397 3750 its
408 3710 437 3750 ut
448 3704 475 3752 h.
485 3702 607 3752 hennino
619 3704 774 3753 concedendi
786 3719 887 3753 sensum
901 3705 1004 3753 habeatr
1022 3705 1043 3752 si
1056 3712 1136 3753 totam
1148 3719 1201 3753 rem
1214 3719 1270 3767 spe·

151 3778 212 3816 etas.
235 3808 266 3817 -
290 3776 395 3832 utputae,
413 3771 444 3819 V.
470 3811 499 3820 ..
524 3770 582 3834 hiae,
605 3773 629 3820 d.
649 3812 681 3821 ..
709 3769 847 3835 lapidarent,
863 3772 912 3821 1³².
941 3768 1088 3834 lapidesaiat,
1106 3772 1161 3821 Vd.
1191 3769 1270 3835 lapide

151 3833 276 3892 scratss'.

185 3900 253 3962 §28.
271 3902 349 3960 Alter,
362 3905 415 3955 Td.
435 3945 464 3954 ..
488 3904 622 3967 Tlesalica,
634 3907 668 3956 V.
688 3947 719 3955 ..
738 3906 927 3968 quoniam,VR
945 3905 995 3969 qui,
1008 3908 1059 3957 Td.
1079 3949 1109 3957 -
1135 3907 1205 3968 virus,
1218 3909 1268 3957 ΒΞ.

152 3969 225 4031 oram,
242 3967 293 4035 βγ.
312 3972 401 4023 Omitt.
414 3973 540 4024 VR¹Td
563 3974 603 4024 Ita
619 3988 701 4036 aquae
717 3975 830 4023 marinae
845 3974 912 4023 virus
928 3975 1046 4023 tribuitur
1063 3978 1076 4039 5
1094 3983 1133 4025 64.
1155 4016 1184 4024 ..
1207 3991 1270 4024 aena

152 4037 231 4098 etiarn,
248 4039 285 4088 ita
296 4055 343 4089 nos
355 4041 508 4102 scripsimus.
526 4057 571 4089 aen
585 4041 663 4099 enam,
676 4041 738 4090 VR.
756 4056 798 4088 aes
808 4039 887 4102 etiam,
901 4044 924 4090 d.
943 4041 1014 4089 etiam
1027 4058 1075 4103 aes,
1087 4039 1136 4109 βγ.
1155 4043 1196 4092 De
1207 4059 1270 4090 aena

151 4121 175 4155 v.
187 4107 239 4155 ind.
251 4110 393 4157 verborum.
412 4147 442 4155 -
462 4122 517 4169 qua,
531 4111 555 4158 d.
569 4149 599 4157 ..
618 4107 780 4169 indicavimus,
792 4110 863 4158 Ru.
881 4107 1005 4169 indicaris,
1016 4110 1050 4160 V.
1069 4102 1213 4177 indicavisti,
1223 4113 1268 4161 R¹.

152 4173 271 4224 Ceterum
283 4192 306 4225 v.
320 4183 343 4237 4,
360 4180 400 4224 31.
418 4214 446 4222 ..
460 4191 558 4238 semper,
570 4176 601 4225 R.
619 4192 709 4238 semper
720 4191 771 4224 eum
782 4173 848 4236 dicit,
861 4177 894 4226 V.
911 4193 1002 4240 semper
1013 4193 1064 4225 eum
1076 4176 1124 4240 dio,
1137 4181 1160 4228 d.
1178 4194 1270 4241 semper

151 4239 240 4303 mado,
257 4243 289 4292 Τ.
312 4283 343 4293 ..
363 4240 459 4307 procul,
476 4242 553 4292 VRd
575 4239 662 4303 (codd.
686 4241 757 4305 Gel.)
777 4241 860 4307 procul
875 4244 920 4308 ab,
935 4245 968 4294 Κ.

185 4308 262 4358 Ptin.
279 4309 326 4374 lV.
1023 4310 1064 4376 28
