2918 4800
382 315 452 361 nm.
469 314 555 361 xxv.
585 313 662 362 cnr.
679 314 727 361 1v.
745 314 779 359 v.
808 312 905 360 sacr.
924 314 1003 357 rr-rs.
1193 297 1252 360 111

129 468 207 533 dum
229 465 423 534 mediocrum
445 488 539 532 nemo
560 465 658 531 novit.
695 465 754 531 Ille
777 487 832 530 eas
858 465 970 530 volvae
993 487 1066 529 cum
1087 466 1180 530 mcllc
1203 465 1254 530 vol

130 591 262 634 rosaceo
283 567 335 633 vel
356 567 438 632 irino
460 568 511 634 vel
534 567 628 633 lirino
649 567 802 644 admovit,
826 566 902 631 item
919 566 960 630 ad
976 566 1106 632 ciendos
1127 587 1253 631 menses

131 671 367 754 secundasque3
389 670 450 734 hoc
470 670 555 736 idem
577 679 741 756 praestare
764 679 843 754 potu
866 668 999 753 fotuque
1022 667 1120 745 dixit3
1149 667 1253 732 instil-
1268 686 1296 728 ιι

129 772 207 838 lavit
228 771 361 838 auribus
382 771 474 838 olidis
497 793 610 836 sucum
631 769 820 854 inunxitquc
843 791 915 833 cum
938 769 1013 834 vino
1035 781 1159 846 veterc;
1183 769 1254 834 alvo

131 873 208 938 folio
236 873 393 958 inposuit,
423 872 602 958 epiphoris,
633 871 832 958 stranguriae
860 883 892 934 et
921 871 1055 948 vesicis3
1086 872 1254 936 decoctum

131 976 201 1043 eius
223 974 313 1040 dedit
333 996 404 1040 cum
426 997 536 1039 murra
557 987 590 1039 ct
611 984 690 1038 turo.
727 971 814 1038 Alvo
843 971 973 1056 quidem
1002 971 1174 1037 solvendae
1204 973 1254 1037 vcl
1336 962 1345 975 “

130 1077 164 1141 in
184 1076 267 1142 febri
289 1076 476 1160 decoquitur
504 1087 658 1159 quantum
685 1096 798 1139 manus
828 1075 935 1160 capiat
960 1074 994 1137 in
1023 1072 1149 1138 duobus
1179 1096 1253 1138 sex-

131 1179 220 1245 tariis
242 1201 344 1262 aquae
366 1178 408 1243 ad
430 1177 596 1255 dimidias3
626 1176 748 1240 bibitur
771 1175 838 1241 sale
861 1187 894 1241 et
915 1175 1009 1240 mclle
1031 1175 1173 1240 admixto
1195 1198 1254 1240 nec

130 1303 194 1346 non
215 1302 288 1345 cum
309 1280 430 1367 ungula
451 1279 518 1344 suis
540 1290 596 1344 aut
618 1278 795 1366 gallinaceo
817 1277 947 1342 decocta
970 1276 1139 1341 salubrius.
1168 1276 1253 1341 Pur-

130 1382 269 1470 gationis
295 1402 393 1446 causa
418 1391 572 1466 putavere
600 1380 697 1464 aliqui
725 1390 891 1463 utramque
919 1378 1058 1442 dandam
1087 1379 1155 1443 sive
1182 1400 1254 1442 cum

130 1484 235 1549 malva
260 1482 437 1547 decoctum.
475 1480 653 1547 Thoracem
680 1491 830 1566 purgant,
858 1479 954 1545 bilem
982 1479 1166 1558 detrahunt,
1197 1479 1254 1544 sed

132 1583 329 1649 stomachum
349 1583 496 1659 laedunt3
518 1583 659 1667 reliquos
681 1605 761 1647 usus
784 1583 926 1647 dicemus
948 1582 1014 1647 suis
1036 1581 1124 1646 locis.

174 1686 224 1749 19.
246 1684 374 1750 Invenit
394 1693 427 1748 et
447 1683 590 1751 Achilles
612 1682 789 1769 disciptdus
812 1682 961 1748 Chironis
984 1704 1048 1767 qua
1069 1682 1253 1748 volneribus
1268 1703 1299 1746 ιι

131 1787 322 1864 mederetur,
344 1807 426 1869 quae
447 1784 489 1850 ob
510 1785 545 1848 id
566 1785 731 1852 Achilleos
754 1795 904 1863 vocatur3
928 1784 988 1848 hac
1011 1807 1141 1850 sanasse
1156 1783 1252 1850 Tele-

130 1889 230 1976 phum
250 1887 382 1963 dicitur3
409 1885 463 1950 alii
492 1885 632 1971 primum
658 1886 846 1973 aeruginem
867 1886 1028 1950 invenisse
1049 1887 1254 1950 utilissimam

130 1988 321 2075 emplastris,
343 1986 481 2070 ideoque
503 1987 650 2072 pingitur
672 1999 703 2052 et
724 2009 744 2050 a
765 1987 899 2071 cuspide
915 1986 1081 2051 decutiens
1096 1986 1204 2072 gladio
1219 1986 1252 2049 in

129 2090 243 2156 volnus
256 2088 408 2174 Telephi3
430 2087 484 2152 alii
505 2098 641 2171 utroque
663 2110 758 2152 usum
780 2086 1010 2152 medicamento
1033 2087 1152 2152 volunt.
1180 2086 1252 2151 Ali-

128 2191 185 2276 qui
207 2202 239 2256 et
258 2190 341 2254 hanc
368 2210 523 2274 panacem
548 2188 729 2265 heracleon,
757 2188 811 2252 alii
839 2187 995 2253 sideritim
1023 2198 1055 2253 ct
1080 2189 1167 2273 apud
1194 2210 1253 2253 nos

37 2327 38 2330 ¹
128 2291 326 2356 millefolium
351 2299 482 2368 vocant,
513 2288 645 2355 cubitali
673 2311 786 2375 scapo,
819 2310 995 2366 ramosam,
1028 2287 1252 2353 minutioribus

128 2413 226 2474 quam
249 2391 377 2455 feniculi
406 2390 490 2456 loliis
517 2391 664 2456 vestitam
693 2390 734 2457 ab
755 2390 831 2455 imo.
867 2390 935 2455 Alii
961 2389 1100 2454 fatentur
1120 2390 1252 2473 quidem
1267 2410 1297 2454 rs

129 2491 216 2556 illam
237 2491 421 2557 volneribus
443 2492 566 2570 utilem,
589 2492 645 2556 sed
668 2514 776 2557 veram
796 2490 967 2557 Achilleon
982 2513 1052 2557 esse
1067 2514 1164 2577 scapo
1179 2514 1251 2556 oae-

129 2593 219 2658 ruleo
240 2592 357 2678 pedali,
379 2593 447 2657 sine
470 2593 577 2671 ramis,
600 2615 641 2657 ex
663 2593 750 2657 omni
771 2603 863 2678 parte
886 2592 1022 2678 singulis
1037 2592 1123 2656 foliis
1138 2603 1250 2656 rotun-

130 2693 181 2758 dis
202 2695 364 2779 eleganter
384 2694 533 2760 vestitam
540 2720 549 2772 ;
573 2693 626 2758 alii
640 2693 797 2777 quadrato
812 2694 912 2772 caule,
936 2693 1083 2780 capitulis
1097 2691 1251 2770 marrubi,

131 2793 216 2869 ¹foliis
237 2815 387 2877 quercus,
409 2849 450 2857 ..
471 2794 554 2860 hano
576 2793 672 2859 etiam
697 2793 860 2879 praecisos
881 2816 998 2860 nervos
1019 2794 1178 2880 glutinare
1200 2793 1251 2858 fa-

131 2893 237 2971 ciunt3
260 2949 300 2959 ..
323 2895 376 2960 alii
403 2895 558 2960 sideritim
586 2894 620 2959 in
641 2894 787 2960 maceriis
814 2906 1010 2975 nascentem,
1037 2919 1112 2962 cum
1134 2905 1252 2961 teratur

130 3064 231 3126 vesicae,
242 3062 293 3129 βγ.
313 3107 344 3117 ..
362 3067 512 3132 decoquatur,
524 3086 548 3120 a.
561 3110 593 3119 -
610 3067 713 3130 decocta,
724 3071 757 3121 Κ.
776 3068 891 3131 decoctae,
903 3086 926 3120 a.
944 3067 1069 3130 decoctum,
1081 3064 1131 3132 βγ.
1148 3067 1251 3117 decocta.

132 3130 266 3251 salum}
275 3136 433 3200 purpurano,
449 3138 540 3187 Doleo.
568 3177 599 3186 -
626 3134 731 3184 medam
749 3153 794 3200 per
814 3153 839 3185 se
855 3137 905 3186 cive
921 3152 972 3186 cum
988 3135 1075 3196 malva,
1092 3137 1125 3186 K
1153 3177 1183 3185 ..
1211 3133 1251 3183 de·

131 3207 220 3248 coctam
267 3238 273 3250 .

165 3237 233 3326 sci.
251 3266 400 3330 rasura».
419 3271 508 3323 omas
527 3271 609 3320 vna.
633 3311 664 3319 ..
688 3269 737 3333 qus,
756 3271 780 3319 o.
805 3310 837 3319 -
860 3266 1013 3331 masseca.
1037 3309 1066 3318 -
1091 3267 1251 3326 aaran.

131 3349 159 3382 eo
170 3333 203 3395 id,
214 3337 246 3386 R.
260 3377 291 3386 ..
303 3336 431 3398 Achilleos,
443 3335 491 3402 τὴν
503 3327 647 3403 Ἀχίλλειον
660 3333 801 3403 σιδηρῖτιν,
814 3338 932 3388 Dioscor.
945 3345 969 3398 4,
978 3341 1019 3386 ³6.
1037 3333 1166 3396 Achilleus,
1176 3337 1250 3387 Vod.

132 3399 247 3463 Achillea,
260 3406 292 3454 R.
304 3445 334 3454 ..
344 3421 382 3466 ac,
394 3406 427 3455 V.
439 3446 469 3454 ..
479 3420 578 3453 sanasse
593 3402 726 3468 Telephum,
739 3421 763 3454 a.
776 3413 885 3453 sanasset
896 3403 1023 3466 clericusne,
1032 3405 1064 3453 1³.
1078 3411 1194 3452 sanasset.
1206 3402 1251 3452 ele-

132 3484 207 3530 ruma,
219 3471 252 3520 V.
269 3488 368 3520 saccae
380 3471 514 3536 teleplema,
527 3473 551 3521 d.
564 3512 595 3522 ..
614 3471 740 3536 emethsa,
749 3472 782 3523 V.
795 3514 826 3522 ..
845 3480 867 3520 et
878 3488 902 3533 a,
914 3473 950 3523 itu
961 3479 1010 3522 nos
1021 3470 1175 3535 scripsimus.
1193 3470 1218 3518 ei
1226 3486 1251 3530 a,

132 3535 183 3585 Τά.
201 3537 248 3598 cla,
259 3540 322 3589 VR.
339 3555 364 3599 ιι,
380 3533 430 3602 θγ.
453 3555 490 3600 ea,
501 3534 551 3600 ast.
575 3580 606 3590 ..
628 3537 720 3603 plodio,
732 3540 794 3590 VR.
816 3555 868 3588 cam
883 3538 973 3604 eladio,
985 3535 1057 3604 adr.
1079 3537 1184 3604 9ladlus,
1196 3538 1250 3587 Ta.

132 3641 163 3651 ..
182 3602 259 3666 ulnus
271 3607 304 3656 V.
324 3647 355 3657 ..
381 3605 545 3671 Temptvu.
568 3648 600 3657 ...
627 3606 754 3669 uoluntati,
767 3608 798 3658 R.
824 3647 854 3656 -
875 3623 1000 3670 panacem,
1013 3611 1057 3658 ad.
1073 3606 1250 3670 paracallv.

131 3670 191 3719 vid.
203 3672 351 3724 Schneider.
362 3683 495 3738 grammat.
507 3676 565 3727 Lat.
577 3675 612 3725 11.
627 3691 653 3740 p.
667 3679 723 3726 109.
747 3716 778 3724 -
806 3673 947 3733 heracleam,
965 3676 1020 3725 Vd.
1047 3671 1185 3733 heracliam,
1198 3673 1250 3723 Rs.

131 3734 247 3798 herodem,
262 3732 291 3788 θ.
310 3781 339 3790 ..
362 3741 489 3806 siderium,
501 3759 525 3794 a.
542 3740 663 3803 sideriten,
678 3735 729 3793 θὰ,
746 3740 886 3803 sideriatcn,
898 3744 961 3793 VR.
984 3740 1102 3802 sideritis,
1113 3736 1165 3805 βγ,
1183 3743 1251 3804 quod

131 3819 178 3854 nos
190 3807 352 3858 correximus.
373 3850 403 3859 -
421 3808 574 3874 millefolium,
590 3804 728 3861 OVRTd.
747 3808 902 3873 millefolium,
914 3805 985 3874 αβγ.
1005 3850 1035 3858 ..
1055 3824 1158 3868 ramosa,
1171 3810 1204 3859 V.
1219 3850 1249 3858 .-

131 3870 303 3934 minutioribuc,
315 3875 392 3925 Vad.
410 3876 434 3925 iu
445 3876 586 3940 utiliorzbus,
598 3879 630 3927 R.
654 3919 685 3926 ..
700 3876 806 3942 feniculi
809 3876 889 3941 sollu,
901 3894 924 3927 a.
939 3875 1062 3940 seniculus,
1078 3869 1166 3927 OVR.
1183 3876 1250 3940 scui-

131 3937 185 4000 culi,
199 3942 222 3988 d.
242 3980 274 3989 -
292 3941 407 4001 vestitam,
422 3938 498 3994 dua.
517 3945 631 4004 amatura,
643 3946 698 3994 Vd.

165 4005 231 4066 543.
249 4006 414 4071 ιὶἰραηὶιν,Β.
432 4010 558 4074 eliquatur,
569 4013 603 4062 V.
623 4051 654 4061 ..
678 4010 777 4073 alliam
798 4051 828 4060 -
852 4009 971 4073 capitulis,
984 4012 1191 4064 Gronov.RTd.
1210 4029 1250 4062 ca-

129 4073 218 4136 pitalis,
230 4076 263 4125 V.
282 4074 405 4139 capitibus,
417 4073 466 4138 ast.
485 4119 516 4127 -
535 4094 617 4127 manu
628 4077 670 4139 uti,
682 4079 714 4129 R.
736 4079 861 4140 manuali,
873 4080 906 4129 V.
931 4120 962 4128 ..
976 4078 1058 4143 fallu,
1074 4073 1162 4132 (ΝΒ.
1177 4079 1250 4144 solia,

131 4137 219 4204 adstr.
233 4184 263 4192 ..
276 4141 329 4202 hac,
341 4145 454 4194 VBTd.
473 4143 525 4205 lae,
540 4138 569 4195 θ.
587 4144 653 4206 laec,
665 4161 689 4195 a.
707 4145 826 4196 Ceterum
838 4162 862 4195 v.
874 4148 992 4197 Dioscor.
1003 4155 1027 4210 4,
1038 4154 1078 4199 88.
1092 4148 1249 4211 ..seranta

134 4207 228 4271 ‚alta
237 4225 261 4260 a.
274 4219 304 4273 et,
316 4212 439 4262 vna...
449 4209 572 4275 emittm,
584 4213 669 4263 VRd.
686 4210 803 4275 sacaria,
815 4208 886 4276 αβγ.
900 4254 931 4266 ..
944 4215 1083 4280 meccrltr'ls,
1095 4233 1118 4267 s.
1131 4216 1250 4270 Ceterum

131 4290 155 4324 v.
167 4277 283 4331 Dioscor.
296 4286 320 4343 4,
333 4284 373 4332 85.
394 4320 424 4330 ..
443 4295 494 4330 cum
507 4288 604 4343 teratur,
617 4281 661 4334 ad.
679 4286 821 4345 conteretur,
833 4281 894 4333 VR.
