2918 4800
404 332 474 378 nra.
491 332 592 377 xxxr.
622 331 700 377 cur.
718 331 778 378 v11.
808 329 907 379 sacr.
922 332 954 375 40.
969 333 1000 374 u.
1173 328 1174 334 ¹
1201 316 1262 379 451

142 483 379 572 Agrigentinus
400 483 525 570 ignium
547 483 674 568 patiens
696 505 738 546 ex
759 504 843 567 aqua
865 481 981 547 exsilit.
1018 479 1104 547 Sunt
1125 495 1157 547 et
1178 485 1264 548 colo·
1278 501 1310 545 as

143 607 213 649 rum
247 584 464 661 differentiam
498 585 594 651 rubet
620 583 783 670 Memphi,
816 584 910 648 ruins
942 593 991 648 est
1023 584 1108 650 circa
1143 582 1264 663 Oxum,

143 683 330 772 Centuripis
361 709 561 773 purpureus,
597 686 682 750 circa
709 682 825 774 Gelam
850 684 885 748 in
910 683 1023 749 eadem
1049 681 1161 749 Sicilia
1186 683 1266 748 tanti

144 787 326 872 splendoris
346 800 384 852 ut
403 788 579 877 imaginem
599 787 734 873 recipiat
740 813 748 865 ;
771 787 806 850 in
822 785 1031 872 Cappadocia
1053 786 1200 853 crocinus
1216 786 1265 850 ef-

142 888 274 966 foditur,
296 889 472 954 tralucidus
493 899 528 954 et
549 888 802 955 odoratissimus.
829 886 887 953 Ad
908 887 1085 952 medicinae
1106 909 1186 953 usus
1207 911 1265 951 an-

144 988 223 1074 tiqui
246 989 458 1055 Tareutinum
484 1012 633 1056 maxume
658 987 850 1068 laudabant,
880 989 921 1054 ab
946 988 1008 1054 hoc
1035 1010 1267 1074 quemcumque

144 1091 332 1170 amerinis,
361 1115 402 1157 ex
429 1115 467 1157 ec
494 1115 612 1180 gauere
642 1113 811 1176 spumeum
838 1091 1026 1177 praecipue,
1052 1092 1268 1156 iumentorum

145 1214 222 1258 vero
244 1205 277 1257 et
298 1193 396 1258 boum
416 1193 518 1258 oculis
533 1193 755 1281 Tragasaeum
777 1204 810 1257 et
823 1191 1001 1258 Baeticum.
1022 1192 1078 1257 Ad
1099 1193 1268 1279 opsonium
1281 1204 1313 1253 at

145 1304 177 1358 et
198 1293 305 1359 cibum
329 1293 437 1359 utilior
458 1295 606 1379 quisquis
627 1295 719 1360 facile
740 1294 901 1379 liquescit,
928 1294 1004 1359 item
1026 1294 1164 1359 umidior
1170 1319 1179 1371 3
1207 1295 1269 1359 mi·

145 1417 255 1460 uorem
277 1395 363 1461 enim
384 1395 631 1461 amaritudinem
658 1395 789 1472 habent,
816 1406 853 1459 ut
880 1395 1012 1462 Atticus
1038 1407 1071 1462 et
1092 1395 1269 1462 Euboicus.

147 1495 323 1562 Servandis
338 1495 488 1563 carnibus
503 1497 608 1582 aptior
627 1519 704 1562 acer
726 1506 760 1561 et
781 1496 894 1575 sicum,
917 1509 954 1561 ut
967 1496 1155 1586 Megaricus
1161 1523 1170 1574 3
1194 1520 1270 1563 cou-

146 1597 234 1663 ditur
255 1597 352 1663 ctiam
370 1597 529 1664 odoribus
550 1597 669 1662 additis
692 1610 726 1663 et
746 1597 940 1683 pulmentari
967 1597 1069 1663 vicem
1090 1599 1191 1684 inplet
1212 1623 1270 1664 ex-

146 1699 249 1764 citans
277 1698 464 1765 aviditatem
489 1699 693 1783 invitansque
718 1698 752 1763 in
780 1697 928 1764 omuibus
956 1699 1057 1778 cibin,
1090 1700 1136 1764 ita
1166 1710 1204 1764 ut
1231 1699 1272 1764 sit

146 1799 317 1884 peculiaris
346 1824 387 1865 ex
410 1823 448 1866 eo
469 1801 652 1868 intellectus
673 1800 758 1866 inter
777 1800 946 1866 innumera
967 1801 1180 1878 condimenta,
1209 1800 1271 1864 ite-

146 1923 218 1965 rum
239 1901 273 1966 in
295 1902 478 1967 mandendo
501 1902 667 1986 quaesitus
688 1925 778 1989 garo.
816 1900 907 1983 Quin
929 1914 961 1968 et
981 1903 1124 1989 pecudes
1145 1925 1271 1967 armen·
1286 1915 1318 1962 cc

147 2013 246 2086 taque
261 2012 294 2068 et
308 2004 451 2069 iumenta
464 2005 532 2069 sale
547 2027 696 2069 maxume
712 2004 925 2069 sollicitantur
938 2005 981 2069 ad
994 2015 1116 2090 pastus,
1137 1993 1273 2069 multum

146 2103 303 2192 largiores
323 2105 407 2170 lacte
428 2106 593 2190 multoque
615 2106 756 2192 gratiore
778 2106 874 2170 etiam
894 2105 929 2169 in
951 2129 1046 2171 caseo
1067 2107 1151 2171 dote.
1180 2104 1273 2192 Ergo

147 2203 305 2271 Hercules
328 2205 395 2271 vita
415 2207 583 2273 humanior
605 2208 673 2272 siue
701 2209 767 2273 sale
796 2230 860 2272 non
889 2207 959 2291 quit
987 2207 1107 2292 degere
1129 2207 1273 2290 adeoque

147 2307 364 2372 necessarium
385 2310 577 2379 elementum
598 2319 646 2374 est
667 2320 705 2374 ut
726 2309 889 2374 transierit
914 2309 1096 2374 intellectus
1117 2308 1160 2372 ad
1181 2307 1271 2372 volu-

148 2417 254 2493 ptates
274 2408 373 2474 animi
393 2432 541 2495 quoque3
570 2419 747 2476 scommata
777 2411 859 2476 sales
881 2411 1085 2496 appellantur
1106 2409 1273 2493 omnisque

149 2507 234 2573 vitae
256 2508 347 2596 lepus
370 2522 403 2574 et
425 2534 549 2576 summa
574 2511 719 2576 hilaritas
746 2510 954 2595 laborumque
976 2513 1104 2597 requies
1125 2535 1190 2577 non
1211 2510 1273 2575 alio

148 2699 240 2746 spuma
253 2684 285 2733 T.
304 2725 335 2734 ..
354 2693 521 2746 accremento,
533 2686 616 2736 VTd.
631 2685 685 2734 'cut
697 2693 836 2748 atramento,
849 2686 874 2735 R
885 2682 941 2748 (out
951 2702 968 2734 u
979 2688 1011 2737 ab
1024 2701 1046 2736 a.
1058 2683 1115 2748 nn).
1127 2687 1202 2735 codd.
1215 2684 1272 2736 sal-

149 2765 211 2799 mas.
225 2766 307 2800 exerc.
319 2767 343 2816 p.
358 2758 398 2803 sl.
410 2753 435 2803 b.
446 2756 477 2805 Ε.
495 2761 539 2802 aut
549 2751 709 2815 adrumetum,
722 2754 831 2805 Salmas.
844 2795 873 2804 ..
894 2761 937 2802 aut
948 2753 1035 2815 tanaim
1053 2754 1118 2802 hacc
1129 2754 1206 2803 verba
1218 2767 1272 2802 cer-

149 2819 245 2868 tissime
258 2829 381 2884 corrupta
398 2823 564 2873 Desideratur
573 2822 680 2885 aliquod
688 2824 801 2884 verbum,
811 2824 848 2873 ita
859 2834 889 2872 nt
900 2838 933 2874 ex
945 2825 1017 2876 codd.
1028 2830 1098 2875 roms
1110 2823 1182 2872 locus
1193 2821 1230 2871 ita
1240 2822 1273 2870 ait

149 2888 323 2947 refingendus:
350 2904 391 2936 uec
403 2887 465 2937 ullus
480 2889 529 2939 sal
543 2907 628 2954 spuma
639 2898 799 2939 attramento
811 2927 920 2940 .......
949 2890 1025 2950 Quod
1041 2905 1101 2939 vero
1117 2891 1224 2939 verbum
1240 2890 1273 2938 sit

149 2957 333 3017 reponendum,
349 2971 425 3005 nemo
440 2956 515 3006 facile
528 2972 595 3007 nunc
607 2959 764 3008 divinaverit
791 2957 980 3018 autmutari.
998 2998 1030 3006 -
1054 2956 1117 3020 ipris
1135 2955 1270 3018 impatiens,

149 3023 243 3072 Meum.
256 3024 289 3072 ad
300 3023 391 3085 Antig.
404 3021 504 3087 Caryst.
518 3029 574 3074 183.
593 3065 624 3073 ..
643 3023 727 3085 exiliit,
740 3026 773 3075 V.

184 3112 252 3173 §aa
270 3113 428 3178 effrenas,
441 3117 464 3166 u.
483 3114 628 3179 amenta,
641 3117 673 3165 a.
696 3114 724 3164 a
744 3115 864 3175 aarum,
876 3116 909 3165 v.
929 3156 959 3165 ..
978 3109 1270 3178 asservatque.

149 3180 280 3244 Barbari).
303 3184 381 3241 ruber,
393 3178 444 3247 βγ.
464 3225 495 3234 ..
519 3192 608 3232 reatum
621 3183 689 3247 ripis,
733 3183 814 3233 VRd.
834 3224 865 3233 ..
888 3181 1222 3249 atimopiuemVRddpp.
1246 3191 1272 3232 ut

151 3248 344 3311 mapaitadiaem,
357 3248 376 3300 d
388 3251 489 3314 (omnes
505 3252 579 3301 codd.
592 3252 701 3302 Salmas.
714 3267 796 3302 exerc.
813 3265 837 3315 p.
851 3257 891 3302 82.
904 3266 927 3300 a.
939 3251 985 3314 B.)
1011 3260 1037 3300 at
1048 3251 1176 3315 imaqiuum
1188 3250 1271 3300 simili·

152 3315 263 3379 tudinem,
276 3319 384 3368 Salmas.
404 3360 434 3369 ..
453 3313 707 3379 praesumtivam.
729 3318 856 3377 memneris,
869 3320 938 3369 Tel-³.
962 3336 1063 3379 morem,
1075 3317 1125 3382 βγ.
1145 3361 1176 3370 ,.
1196 3317 1270 3367 mulu-
1329 3326 1332 3331 '

150 3381 224 3500 {quta
236 3385 461 3503 VRtpamlaciduc,
474 3383 574 3449 udssr.
594 3428 624 3436 -
647 3387 678 3434 ab
696 3385 746 3448 iac,
759 3387 821 3438 VR.
840 3385 875 3435 ad
885 3386 934 3456 loc,
947 3391 970 3438 d.
990 3429 1021 3436 -
1041 3387 1155 3448 Palicum,
1168 3388 1270 3438 VR²d.

194 3469 263 3515 rcum,
314 3490 319 3502 .

184 3544 252 3606 §Bi
276 3548 529 3612 αἰώραν-ΜΛΝ.
557 3556 603 3597 tam
615 3548 777 3613 eparicas‚V.
798 3590 829 3598 -
847 3546 1067 3606 adelmum.
1093 3547 1199 3608 additur,
1211 3542 1269 3608 Vss.

150 3654 182 3662 -
202 3615 316 3677 excitum,
329 3619 399 3667 R²d.
413 3617 500 3667 Omitt.
513 3617 588 3667 VR'.
608 3657 638 3666 ..
658 3615 750 3678 iterum,
763 3611 901 3668 OVRTd.
924 3616 960 3665 ita
972 3624 1013 3677 sat,
1025 3611 1077 3680 βγ.
1095 3657 1126 3666 ..
1145 3614 1269 3677 medendo,

150 3682 225 3732 VR¹.
243 3724 275 3733 ..
295 3684 415 3746 quaesitus
428 3700 498 3748 puro,
511 3685 594 3733 VRd.
617 3682 750 3747 quaesitum
760 3700 854 3748 porum,
870 3678 899 3746 θ,
912 3688 979 3735 unde
992 3686 1048 3748 quia
1060 3685 1181 3748 suspicari
1191 3684 1272 3748 possit

150 3751 263 3800 Plinium
276 3752 396 3814 quaesitus
408 3751 432 3800 in
442 3767 528 3815 purum
540 3753 675 3816 scripsisse.

184 3837 251 3898 §88
270 3843 428 3899 armentoque,
440 3837 489 3886 R'2.
507 3835 657 3899 armentatio,
670 3836 768 3885 VR'd.
787 3876 819 3886 -
833 3844 927 3899 portur.
938 3837 991 3887 Ru.
1013 3837 1100 3900 parui,
1113 3836 1145 3886 V.
1166 3844 1270 3900 pastum,

150 3897 200 3965 βγ.
221 3942 251 3950 -
271 3901 374 3965 multum,
387 3902 469 3954 VRd.
493 3902 573 3964 multo,
589 3900 640 3967 βγ.
659 3945 690 3954 -
715 3902 839 3968 lurpicrcs,
853 3905 906 3954 Vd.
933 3900 1136 3969 impioralissr.
1157 3945 1187 3953 ..
1211 3903 1271 3953 lucto

150 3966 273 4030 multoque,
286 3971 356 4019 Ru.
375 3969 488 4032 lacteque,
501 3973 546 4021 ΕΙ.
565 3970 679 4034 luctuque,
688 3973 722 4020 V.
736 4012 766 4020 -
785 3970 908 4034 Herculea,
920 3969 1055 4036 VRddp.
1073 3971 1184 4033 Hercula,
1195 3967 1224 4034 β.
1238 4013 1269 4023 -

150 4052 195 4084 aon
208 4035 265 4098 quit,
279 4035 356 4086 Rue.
376 4053 421 4085 noa
433 4037 497 4100 quid,
508 4039 541 4088 V.
560 4038 649 4102 nequit,
660 4034 689 4099 β.
703 4080 733 4088 -
753 4037 866 4102 adeoque,
878 4040 909 4090 R.
928 4038 988 4088 adeo
999 4055 1062 4104 erpo,
1074 4041 1130 4090 Vd.
1144 4082 1175 4089 -
1194 4041 1235 4100 uti,
1245 4041 1269 4090 d.

150 4145 180 4153 ..
200 4102 336 4163 intellectus,
356 4120 406 4154 om.
419 4106 456 4154 d¹.
476 4147 506 4155 ..
529 4105 758 4170 vuluptatea‚VR¹.
785 4106 936 4170 voluptutem,
951 4109 1042 4171 Rus.
1068 4106 1201 4172 voluptates
1217 4107 1270 4157 cm'-
1300 4112 1302 4119 ’

149 4171 227 4234 mique
244 4188 343 4237 qaoque,
356 4175 389 4223 K.
410 4214 440 4222 -
458 4183 594 4232 scommata,
605 4175 673 4225 Pint
698 4174 845 4237 samniam
872 4175 1052 4237 nimiqvuu.
1078 4176 1189 4238 uomitu,
1205 4177 1269 4229 Bar·

149 4239 201 4289 bar.
213 4236 264 4305 βγ,
284 4282 315 4291 ..
333 4239 404 4305 sulca,
416 4243 494 4293 R²K
512 4241 571 4306 sale,
582 4244 680 4295 VR¹d.
719 4301 726 4314 ἱ
1047 4309 1064 4342 ι
