2918 4800
416 1075 471 1179 C.
506 1072 678 1179 PLlNl
716 1072 1001 1177 SECUNDl

200 1329 687 1451 NATURALIS
732 1326 1196 1448 HISTORIAE

550 1577 697 1651 LIBER
722 1577 858 1651 XXIII.

633 1786 737 1794 --.ι-.-
750 1785 781 1795 -ο

186 1955 352 2021 Pnoonu.
379 1954 485 2022 sacr.
503 1959 532 2021 1.
563 1923 714 2025 Peracta
729 1953 900 2021 cerealium
918 1953 952 2016 in
969 1952 1128 2018 medendo
1139 1964 1297 2038 qucques
1317 1969 1326 2012 ι

145 2068 262 2123 natura
288 2068 340 2124 est
366 2058 569 2142 omniumque
594 2079 678 2142 quae
700 2056 844 2123 ciborum
870 2064 927 2118 aut
953 2054 1067 2119 florum
1094 2054 1269 2121 odorumve

146 2157 251 2244 gratia
271 2158 465 2244 proveniunt
486 2159 603 2246 supina
625 2158 745 2224 tellure.
768 2157 841 2222 Non
856 2155 954 2222 cessit
968 2155 1019 2222 hic
1033 2155 1178 2222 Pomona
1192 2180 1268 2243 par·

146 2258 251 2344 tisque
272 2259 414 2326 medicae
435 2272 467 2326 et
489 2260 704 2346 pendentibus
726 2259 824 2338 dedit,
846 2282 910 2324 non
934 2268 1084 2325 contenta
1098 2268 1268 2346 protegere

144 2361 356 2446 arborumque
370 2362 484 2428 umbra
499 2363 584 2429 alere
597 2385 681 2448 quae
696 2361 848 2441 diximus,
870 2361 968 2426 immo
989 2360 1086 2427 veluti
1101 2361 1269 2448 indignata

143 2462 217 2549 plus
238 2463 337 2529 auxili
357 2464 465 2531 inesse
486 2464 537 2530 hie
559 2487 641 2550 quae
663 2464 790 2551 longius
812 2487 832 2529 a
854 2463 941 2529 caelo
957 2461 1109 2529 abessent
1122 2485 1268 2548 quaeque

144 2576 258 2650 postea
279 2566 477 2653 coepissent3
505 2567 644 2652 primum
672 2565 757 2631 enim
782 2565 902 2631 homini
931 2565 1039 2632 cibum
1066 2566 1165 2630 fuisse
1192 2563 1268 2629 inde

145 2677 177 2732 et
198 2667 243 2732 eie
264 2667 395 2734 inducto
417 2669 540 2735 caelum
564 2677 709 2756 spectare
730 2667 884 2755 pascique
907 2676 937 2732 et
952 2691 1039 2733 nunc
1054 2690 1094 2733 ex
1114 2689 1149 2733 se
1170 2688 1267 2752 posse

144 2769 213 2834 eine
234 2769 395 2858 frugibus.

186 2870 216 2935 2.
246 2870 337 2960 Ergo
358 2870 501 2937 Hercule
523 2870 581 2937 has
602 2882 710 2958 partes
733 2870 899 2957 inprimis
926 2871 1016 2937 dedit
1042 2870 1174 2949 vitibus,
1203 2887 1296 2935 nona

143 2983 293 3038 contenta
307 2972 438 3038 deliciae
453 2973 549 3039 etiam
563 2983 597 3039 et
617 2972 732 3040 odores
754 2984 849 3059 atque
864 2985 1029 3062 unguenta
1044 2972 1214 3059 omphacio
1234 2984 1267 3035 et

143 3072 300 3139 oenanthe
315 3096 353 3140 ac
366 3075 512 3154 massari,
528 3098 611 3161 quae
627 3075 694 3141 suis
708 3075 787 3141 locis
802 3076 952 3155 diximus,
976 3075 1125 3141 nobiliter
1144 3074 1266 3140 instru-

143 3173 240 3263 uisse.
271 3174 471 3254 Plurumum‚
498 3175 613 3263 inquit,
635 3177 756 3243 homini
778 3178 952 3265 voluptatis
975 3201 1015 3242 ex
1036 3200 1088 3243 me
1110 3190 1177 3253 eet;
1206 3198 1266 3262 ego

145 3296 255 3341 sucum
274 3277 351 3357 vini,
372 3280 530 3363 liquorem
545 3277 605 3343 olei
628 3279 738 3367 gigno,
761 3301 821 3367 ego
843 3279 965 3363 palmas
987 3288 1020 3343 et
1041 3299 1136 3364 poma
1158 3286 1267 3359 totque

144 3377 313 3445 varietates
334 3401 438 3465 neque
459 3391 497 3444 ut
519 3377 612 3443 tellus
634 3379 741 3444 omnia
762 3400 822 3464 per
841 3378 978 3458 labores,
1006 3378 1127 3445 aranda
1156 3377 1267 3451 tauris,

143 3650 159 3714 ὅ
177 3586 221 3703 Δῗᾶ
236 3588 305 3638 hanc
319 3588 410 3639 libram
423 3590 470 3639 toti
484 3595 543 3638 eunt
559 3589 659 3639 excurri
671 3588 748 3652 Vad3
766 3591 810 3641 red
827 3593 918 3641 derunt
933 3590 960 3639 in
976 3588 1025 3640 Vd
1043 3588 1189 3654 §at-eo..
1207 3586 1233 3635 in
1250 3600 1266 3635 a

178 3719 193 3783 ς
208 3728 229 3771 l.
248 3722 349 3771 omnium
361 3738 430 3786 quac,
443 3725 476 3774 V.
495 3765 526 3775 -
546 3722 678 3785 odorumve,
691 3725 796 3775 VTad.
820 3723 968 3789 odorumque,
980 3720 1010 3786 β.
1028 3766 1060 3775 ..
1083 3722 1152 3773 ceruit
1164 3721 1208 3783 lu,
1220 3724 1265 3773 ad.

143 3788 241 3848 cantu,
253 3791 287 3839 V.
301 3831 331 3840 ..
350 3788 453 3839 medicae
464 3799 494 3851 et,
506 3788 576 3844 add.
594 3790 739 3852 medicarer,
752 3793 785 3841 V.
804 3790 915 3852 medicae,
926 3788 956 3854 β.
974 3834 1005 3841 -
1021 3790 1184 3857 pendentibus.
1196 3788 1265 3840 add.

95 3886 98 3891 -
139 3851 311 3920 prrideatilm
320 3858 355 3908 V.
370 3856 523 3922 pendentrhur
534 3876 631 3924 quoque.
643 3856 672 3922 β.
685 3902 716 3909 -
736 3861 819 3909 umbra
831 3859 1018 3923 alere,V'1'ad.
1037 3859 1100 3910 alere
1112 3861 1201 3919 umbra,
1213 3855 1264 3923 βγ.

144 3964 176 3974 -
194 3922 275 3985 veluti,
287 3927 343 3977 Vd.
361 3924 430 3987 velut,
443 3923 513 3991 ιβγ.
533 3970 564 3977 -.
583 3942 696 3991 quaeqae,
709 3928 763 3977 Va.
781 3931 805 3991 ᾇ,
818 3930 842 3979 d.
863 3970 893 3978 -
912 3927 1052 3991 hominibus,
1064 3931 1097 3980 K.
1113 3970 1144 3981 ..
1163 3926 1266 3987 inducto,

142 3993 197 4042 vd.
215 3991 330 4054 inductor,
341 3989 389 4055 ιβ.
409 4035 440 4044 ..
458 4003 582 4059 ερισταεεσ,
594 3998 626 4047 K.

178 4062 193 4123 5
206 4067 230 4110 2.
248 4059 391 4125 importes,
404 4079 422 4112 r.
441 4071 513 4123 orreo,
527 4058 677 4127 OVTadr.
699 4061 743 4111 lar
752 4070 836 4125 parter
844 4063 945 4128 prirrrar,
957 4066 1023 4116 Pint.
1043 4106 1073 4115 ..
1092 4063 1198 4125 deletas,
1211 4064 1265 4112 Va.

143 4124 231 4177 delicta
241 4127 291 4190 red,
304 4130 329 4179 d.
348 4170 378 4179 ..
397 4130 512 4191 macari,
524 4148 547 4181 a.
567 4173 597 4181 ..
617 4129 719 4180 dicimur
733 4136 772 4191 12,
787 4137 928 4184 lec-lec.
946 4134 987 4185 De
999 4134 1103 4184 massari
1115 4132 1178 4182 nihil
1192 4140 1267 4181 antee

144 4196 211 4246 Plin.
225 4196 296 4247 dixit
316 4239 347 4246 -
366 4196 473 4260 hominis,
485 4199 541 4248 Vd.
560 4240 591 4250 ..
610 4196 733 4262 voluptati,
745 4214 769 4247 a.
788 4240 819 4249 ..
838 4209 864 4250 ul
876 4200 949 4265 tellus,
961 4203 986 4253 d.
1010 4199 1107 4261 vitellus,
1119 4201 1152 4249 V.
1177 4198 1265 4263 rprahir,

143 4279 166 4313 a.
184 4304 217 4314 ..
236 4262 331 4314 arcada
344 4264 428 4327 tauris,
440 4282 462 4317 a
481 4264 624 4316 arontdata
635 4266 706 4330 curt'r,
718 4265 774 4317 vd.

177 4330 254 4383 Purr.
272 4331 320 4382 lv.
1043 4334 1060 4395 l
