2918 4800
200 292 261 357 190
535 307 738 356 nnrunnnrs
760 307 955 357 nrsroarars

198 482 348 526 venerem
371 459 536 546 proniores
557 458 627 525 fieri
642 459 800 527 dicuntur.
823 458 1017 546 Prodigiosa
1031 468 1106 524 sunt
1124 479 1208 545 quae
1230 460 1317 527 circa

196 562 257 628 hoc
285 561 381 626 tradit
407 561 646 647 Theophrastus
673 571 784 627 auctor
812 560 930 645 alioqui
958 559 1081 647 gravis,
1115 573 1315 649 septuageno

196 662 281 729 coitu
302 662 436 728 durasse
457 661 622 727 libidinem
645 672 793 728 contactu
814 662 931 728 herbae
953 662 1120 738 cuiusdam
1142 663 1234 729 cuius
1255 685 1314 729 no·

194 788 269 830 men
290 785 456 852 genusque
478 786 544 829 non
565 765 683 851 posuit.

238 867 289 931 64.
305 864 454 932 Sideritis
468 865 642 954 adalligata
656 865 777 930 varices
791 865 907 930 minuit
920 875 953 930 et
968 865 1036 931 sine
1046 866 1155 932 dolore
1165 875 1314 953 praestat
1330 881 1378 926 100

237 969 405 1054 Podagrae
432 965 564 1032 morbus
593 966 695 1032 rarior
727 966 849 1033 solebat
877 972 948 1033 esse
975 989 1039 1032 non
1064 967 1160 1034 modo
1186 979 1315 1054 patrum

193 1091 390 1153 avorumque
411 1068 564 1133 memoria
585 1091 696 1133 verum
717 1068 813 1133 etiam
833 1079 953 1148 nostra,
977 1068 1167 1156 peregrinus
1182 1078 1213 1134 et
1225 1068 1313 1155 ipsc;

193 1197 268 1238 narn
290 1172 317 1237 si
338 1170 450 1235 Italiae
471 1169 585 1236 firisset
605 1169 790 1254 antiquitus,
812 1168 967 1235 Latinum
987 1192 1102 1235 nornen
1122 1171 1312 1248 invenisset3

193 1272 381 1339 insanabilis
402 1293 467 1336 non
489 1281 539 1336 est
567 1271 756 1350 credendus,
784 1271 904 1358 quippe
925 1272 1075 1356 quoniam
1099 1282 1131 1338 et
1151 1273 1185 1337 in
1205 1271 1314 1338 multis

195 1386 310 1462 sponte
333 1373 427 1440 desiit
448 1373 534 1438 etin
556 1373 703 1458 pluribus
725 1394 812 1438 cura.
844 1372 1016 1439 Medentur
1036 1374 1159 1440 radices
1180 1375 1313 1461 panacis

195 1500 268 1543 cum
294 1498 358 1541 uva
383 1497 496 1562 passa,
532 1497 628 1541 sucus
655 1475 842 1560 hyoscyami
874 1496 947 1540 cum
978 1475 1082 1541 farina
1113 1476 1165 1541 vel
1193 1499 1312 1555 semen,
1367 1524 1369 1529 ,

195 1578 341 1645 scordion
369 1588 410 1642 ex
436 1589 543 1655 aceto,
574 1575 674 1642 iberis
702 1577 749 1641 uti
778 1576 901 1642 dietum
927 1587 991 1657 est,
1024 1578 1203 1644 verbenaca
1239 1591 1313 1643 cum

193 1678 335 1768 axungia
355 1678 440 1757 trita,
463 1678 632 1763 cyclamini
653 1677 746 1757 radix
760 1679 851 1744 cuius
867 1679 1034 1744 decoctum
1049 1689 1081 1745 et
1093 1678 1312 1766 pernionibus.
1354 1726 1358 1733 -

193 1780 360 1866 Podagras
381 1779 553 1868 refrigerat
573 1780 666 1844 radix
690 1802 707 1845 e
729 1779 848 1865 xiphio,
878 1802 987 1846 semen
1009 1802 1027 1846 e
1049 1781 1177 1866 psyllio,
1207 1779 1314 1846 cicuta
1327 1793 1373 1838 101

193 1906 266 1950 cum
287 1882 465 1970 lithargyro
487 1892 544 1947 aut
564 1881 715 1968 axungia,
745 1881 871 1947 aizoum
898 1881 932 1945 in
952 1882 1056 1967 primo
1078 1882 1190 1968 inpetu
1211 1881 1312 1968 poda·

192 2006 269 2073 grae
296 1982 441 2049 rubentis
467 1982 529 2048 hoc
557 1993 606 2049 est
632 1983 770 2060 calidae;
800 1982 943 2048 utrilibet
969 2005 1046 2049 vero
1075 1983 1223 2050 convenit
1249 1982 1311 2048 eri-
1392 2048 1394 2053 .

193 2107 293 2172 geron
316 2107 389 2149 cum
411 2083 563 2170 axungia,
592 2082 786 2172 plantaginis
814 2082 891 2148 folia
917 2082 992 2148 trita
1018 2084 1128 2148 addito
1157 2084 1221 2150 sale
1242 2105 1312 2149 mo-

194 2188 275 2263 dico,
299 2185 483 2271 argemonia
505 2196 598 2250 tunsa
620 2207 660 2250 ex
680 2184 783 2250 melle.
807 2184 958 2250 Medetur
980 2194 1012 2250 et
1031 2184 1210 2250 verbenaca
1224 2184 1313 2250 inlita

192 2297 248 2352 aut
269 2287 296 2350 si
317 2285 417 2370 pedes
437 2286 471 2350 in
492 2306 575 2370 aqua
596 2296 798 2351 macerentur
818 2286 853 2349 in
875 2305 939 2369 qua
959 2285 1092 2351 decocta
1114 2285 1170 2362 sit3
1199 2286 1249 2352 65.
1280 2296 1312 2351 et
1326 2297 1373 2343 1⁰2

192 2388 332 2475 lappago
363 2386 473 2452 similis
501 2386 689 2475 anagallidi,
723 2386 898 2452 nisi-esset
919 2386 1074 2452 ramosior
1102 2409 1139 2452 ac
1166 2386 1311 2474 pluribus

192 2488 275 2553 foliis
302 2509 431 2573 aspera,
460 2508 593 2574 rugosa,
621 2486 792 2572 asperioris
820 2488 904 2567 suci,
932 2488 1041 2575 gravis
1067 2488 1193 2565 odoris3
1228 2510 1311 2572 quae

193 2589 265 2654 talis
287 2600 336 2654 est
356 2588 498 2677 mollugo
520 2597 667 2666 vocatur,
690 2588 802 2654 similis
818 2589 873 2655 sed
888 2590 1105 2676 asperioribus
1118 2591 1202 2656 foliis
1216 2613 1310 2676 aspe-

228 2802 310 2864 tradit‚
324 2798 469 2854 OVTadr.
495 2802 602 2866 tradidit,
614 2799 692 2870 Rssr.
717 2847 747 2855 ..
770 2804 946 2870 Theophrastus
957 2806 1016 2856 hist.
1029 2807 1108 2870 plant.
1120 2807 1168 2857 lx.
1184 2813 1223 2868 18,
1235 2813 1259 2858 9.
1278 2847 1309 2856 -

192 2870 344 3003 218ιῖῑῖἶεῖἶέ
364 2913 395 2979 -,
415 2870 543 2935 aunuum,
555 2875 608 2925 Rd.
628 2873 716 2925 Omra.
729 2875 783 2925 Va.
803 2914 833 2923 ..
856 2889 982 2937 penusque,
998 2867 1134 2925 OVBTd.
1152 2890 1204 2938 qne,
1217 2890 1240 2925 a.
1258 2890 1311 2938 spe-

227 3023 242 3086 ξ
257 3030 312 3074 100.
328 3026 560 3088 praestat,VRad.
577 3031 699 3088 persanat,
715 3017 765 3089 θγ.
785 3066 816 3074 ..
834 3024 964 3090 Podapraa
978 3027 1084 3088 morbum
1102 3027 1134 3077 ab
1151 3027 1191 3076 his
1207 3042 1247 3075 vv.
1265 3043 1310 3077 no·

192 3109 252 3142 vum
265 3102 340 3156 caput
353 3094 518 3142 exordiuntur
533 3085 590 3143 θΚ.
616 3133 647 3142 ..
676 3093 754 3152 caan,
771 3094 853 3144 VRa.
876 3102 906 3152 et,
923 3096 946 3143 d.
970 3135 1001 3142 ..
1024 3093 1049 3142 in
1066 3092 1152 3153 multra,
1170 3088 1310 3144 OVRTd.

80 3154 84 3160 ⁷
194 3155 344 3220 Omittass.
371 3200 401 3209 -
423 3158 501 3221 duait,
517 3162 563 3210 ad.
586 3159 653 3220 derit,
669 3161 724 3211 VR
740 3158 787 3221 (ex
804 3159 883 3223 corr.)
900 3162 931 3211 Τ.
955 3159 1048 3222 decinit,
1064 3163 1097 3212 Κ.
1122 3202 1153 3211 -
1175 3177 1240 3222 cara,
1257 3163 1309 3212 Ra.

192 3226 269 3288 curia,
281 3229 336 3278 Vd.
353 3235 458 3288 curatur,
470 3229 503 3278 K.
522 3269 553 3278 ..
576 3225 695 3289 Medetur,
707 3229 768 3279 VR.
788 3269 819 3277 ..
841 3227 935 3277 radicas
948 3229 1058 3291 panacis,
1076 3231 1108 3279 B.
1130 3226 1224 3277 radices
1239 3230 1310 3292 pani·

192 3295 234 3356 σιἐ,
246 3296 280 3345 V.
298 3292 389 3344 radicas
401 3295 513 3358 panacis,
524 3313 547 3346 a.
563 3296 665 3360 panacis
676 3295 778 3356 radices,
791 3297 807 3344 d
812 3291 833 3357 β
837 3310 862 3360 7.
880 3336 912 3344 -
935 3312 985 3343 cum
994 3296 1085 3359 surina
1100 3312 1213 3357 saumae,
1225 3298 1258 3348 Κ.
1278 3338 1309 3346 -
1400 3317 1404 3324 ’

192 3386 285 3447 hiberia
297 3388 349 3436 Va.
359 3427 391 3436 ..
410 3385 504 3448 dictum,
515 3389 547 3437 R.
566 3385 638 3448 dicta,
650 3391 696 3438 ad.
714 3386 754 3436 dic
763 3366 823 3450 ”N
832 3385 1075 3452 (unapostclittera
1084 3387 1175 3451 erma).
1191 3389 1308 3440 Ceterum

192 3471 215 3505 v.
229 3459 269 3513 25,
283 3459 323 3505 88.
343 3495 373 3504 -
392 3452 530 3518 cyclaminos,
542 3455 576 3505 V.
591 3496 620 3504 ..
639 3463 669 3517 et,
681 3455 773 3506 R²ad.
791 3463 814 3504 ct
825 3455 857 3518 in,
874 3448 974 3507 9VR¹.
988 3496 1018 3504 -
1033 3455 1194 3520 pernionibus,
1206 3458 1309 3509 VRad.

189 3521 341 3587 pernionibus
349 3519 453 3586 modest,
465 3516 516 3586 βγ.

227 3609 241 3669 ξ
256 3612 312 3657 101.
330 3623 360 3655 aa
373 3605 438 3670 pln'o,
450 3606 483 3655 V.
509 3647 539 3654 ..
563 3622 640 3654 semen
656 3622 668 3653 a
681 3604 777 3671 psyllio,
788 3608 839 3658 R2.
861 3609 946 3658 semine
959 3605 1065 3673 psillion,
1081 3624 1103 3658 a.
1125 3623 1201 3657 semen
1213 3607 1308 3673 psyllio,

194 3673 291 3722 VR'd.
316 3715 346 3722 -
370 3671 510 3738 litharpyra
527 3673 597 3724 R2d.
620 3672 730 3738 litayyra
747 3674 792 3724 R'.
815 3672 941 3739 lithapuro,
953 3676 987 3724 V.
1009 3673 1147 3741 lytbarqiro,
1160 3692 1182 3726 a.
1208 3717 1237 3725 ..
1260 3683 1309 3737 aut,

194 3740 249 3789 VR
257 3743 316 3790 '²ad.
334 3749 367 3801 ut,
379 3743 423 3792 12¹.
437 3782 467 3790 -
480 3741 599 3806 absunpia
610 3739 701 3790 aizoum
714 3740 830 3804 imprimo,
841 3756 865 3791 a.
876 3783 907 3791 ..
920 3740 1008 3804 calida,
1020 3744 1076 3794 Vd.
1090 3785 1121 3793 ..
1134 3742 1228 3805 addita,
1240 3760 1263 3793 a.
1277 3784 1307 3793 ..

195 3806 292 3865 modice,
305 3823 328 3856 a.
345 3849 376 3858 -
396 3824 528 3871 arpcmonc,
540 3810 590 3859 Kr.
609 3850 640 3858 ..
663 3810 822 3870 verbenacam,
833 3809 866 3860 R.
885 3850 915 3859 ..
939 3808 964 3857 in
979 3825 1045 3873 aqua
1059 3819 1213 3872 macaentur,
1225 3811 1308 3862 VRd.
1408 3808 1412 3815 ’

195 3882 342 3923 maceratur
354 3874 378 3922 in
390 3891 463 3938 aqua,
476 3870 554 3940 Gry.
573 3884 725 3937 macerentur,
737 3872 765 3940 β.
785 3918 816 3926 ..
834 3876 859 3926 in
871 3874 962 3940 aliqua,
974 3893 998 3927 a.
1018 3917 1048 3927 ..
1067 3878 1092 3926 in
1104 3895 1152 3942 qua
1163 3878 1258 3928 decocta
1268 3878 1309 3938 sit,

197 3935 447 3997 avara-decocta
457 3942 497 4003 sit,
509 3960 532 3993 a.
550 3942 614 3993 illitu
625 3940 660 3991 ad
666 3943 739 4008 pedes
750 3944 775 3993 in
785 3960 852 4008 aqua
862 3943 964 4006 decocta
976 3947 1009 3995 r¹.
1026 3943 1089 3994 illita
1097 3945 1197 4010 pedibas
1208 3947 1233 3995 in
1244 3963 1310 4010 aqua

196 4006 297 4068 decocta,
310 4010 352 4058 Kr
359 4011 376 4058 ².
394 4009 419 4057 in
430 4009 481 4059 cius
492 4008 590 4072 denseta
602 4006 632 4071 β.

230 4074 314 4136 §lca
333 4075 442 4139 lappazo,
454 4078 551 4128 VR¹d.
570 4119 601 4127 -
623 4076 770 4142 anayallidis
785 4077 834 4127 nisi
844 4087 915 4141 essct,
927 4082 980 4131 Rd.
1002 4080 1130 4145 anagallid
1145 4081 1193 4130 nisi
1207 4089 1273 4142 esset,
1286 4098 1308 4131 a.

196 4139 450 4207 apallidinisjessetar,
462 4146 497 4194 V.
510 4186 541 4194 ..
554 4161 642 4209 aspera
653 4186 684 4196 ..
694 4145 753 4208 saci,
765 4148 846 4196 omitt.
858 4147 961 4198 VRad.
975 4188 1006 4197 -
1017 4147 1108 4212 aava,
1120 4150 1144 4197 d.
1160 4147 1238 4212 pravi,
1247 4149 1308 4198 VR.

196 4211 254 4262 Om.
267 4227 290 4260 a.
310 4251 340 4259 ..
363 4207 615 4278 odorus-asperu905
631 4231 667 4274 sa,
680 4230 731 4264 om.
743 4231 766 4265 a.
785 4254 817 4262 -
839 4212 1105 4278 commendasset.)
1123 4222 1152 4275 et,
1163 4217 1218 4266 Vd.
1237 4256 1267 4265 ..
1287 4224 1310 4263 at

195 4293 270 4338 meus,
282 4279 386 4328 VRad.
404 4294 486 4329 sumus
498 4294 627 4344 cupressus,
639 4276 689 4346 βγ.
708 4322 739 4332 -
760 4277 873 4346 pondua,
885 4284 909 4334 d.
925 4279 1045 4346 ponderis,
1056 4282 1128 4332 V²R
1139 4279 1185 4343 (ex
1197 4280 1273 4344 corr.)
1286 4299 1308 4332 a.
