2918 4800
198 297 261 362 300
550 311 753 358 usruusnrs
776 310 971 358 ursroruss

195 466 313 552 leporis
334 463 467 550 coagulo
489 474 668 549 perunctos.
701 464 734 528 A
756 464 924 550 scorpione
946 463 1110 549 percussis
1132 461 1243 527 fimum
1266 483 1323 527 ca·
1340 481 1388 527 155

195 589 273 652 prae
294 566 455 632 efficacius
477 588 549 630 cum
572 577 663 630 aceto
678 566 844 630 decoctum
860 565 1043 642 auxiliatur,
1062 564 1190 628 lardum
1205 562 1323 647 iusque

193 667 316 735 decocti
344 678 457 754 potum
480 678 511 732 et
531 667 582 732 his
603 667 658 751 qui
683 667 863 752 buprestim
889 667 1064 732 hauserint.
1104 663 1193 747 Quin
1222 665 1322 729 etiam

197 772 223 837 si
255 771 328 855 quis
362 770 450 835 asino
482 770 515 833 in
544 792 654 835 aurem
682 790 872 853 percussum
902 793 921 833 a
952 768 1120 854 scorpione
1154 789 1187 832 se
1220 766 1320 844 dicat,

195 873 330 938 transire
352 872 470 936 malum
492 870 639 956 protinus
662 870 792 935 tradunt
815 883 1035 955 venenataque
1058 871 1166 934 omnia
1186 891 1323 934 accenso

195 975 345 1061 pulmone
367 975 436 1038 eius
459 973 588 1058 fugere3
611 983 644 1037 et
664 971 739 1036 fimo
761 971 853 1038 vituli
876 971 977 1038 suffiri
998 993 1168 1058 percussos
1190 994 1210 1035 a
1232 992 1322 1034 scor-

195 1077 291 1161 pione
313 1075 456 1161 prodest.

237 1178 290 1242 43.
315 1173 414 1241 Canis
429 1175 547 1239 rabiosi
562 1197 671 1239 morsu
688 1175 774 1241 facta
789 1176 918 1241 volnera
933 1174 1164 1241 circumcidunt
1175 1174 1217 1239 ad
1232 1173 1323 1238 vivas
1340 1191 1386 1235 rsc

196 1300 298 1362 usque
325 1276 429 1363 partis
459 1277 590 1360 quidam
617 1298 806 1362 carnemque
835 1277 926 1341 vituli
952 1277 1125 1341 admovent
1150 1286 1182 1340 et
1207 1275 1259 1339 ius
1282 1298 1323 1340 ex

197 1379 310 1443 codem
336 1378 442 1443 carnis
470 1377 620 1443 decoctae
649 1378 727 1442 dant
752 1379 844 1464 potui
866 1389 922 1442 aut
943 1377 1117 1464 axungiam
1140 1400 1213 1443 cum
1235 1377 1322 1441 calce

196 1490 334 1542 tunsam.
371 1478 524 1543 Laudant
544 1479 626 1543 birci
648 1479 738 1546 iocur
758 1502 823 1564 quo
850 1479 989 1565 inposito
1011 1502 1052 1544 ne
1075 1478 1224 1564 temptari
1245 1477 1320 1561 qui-

197 1581 270 1646 dem
293 1602 396 1664 aquae
418 1595 506 1645 metu
521 1580 700 1659 adfirmant,
722 1582 855 1646 laudant
876 1593 909 1646 et
932 1604 1045 1667 caprae
1066 1581 1175 1645 fimum
1192 1603 1232 1645 ex
1246 1580 1322 1644 vino

195 1681 338 1760 inlitum,
365 1683 456 1748 melis
485 1693 516 1747 et
543 1683 647 1748 cuculi
675 1694 706 1748 et
732 1683 914 1748 hirundinis
942 1682 1110 1748 decoctum
1138 1691 1171 1747 et
1199 1691 1321 1766 potum.

196 1784 252 1849 Ad
272 1785 413 1868 reliquos
437 1785 613 1850 bestiarum
633 1807 759 1850 morsus
781 1787 947 1871 caprinum
969 1808 1098 1850 caseum
1113 1783 1235 1849 siccum
1249 1805 1323 1847 cum

196 1886 328 1972 origano
349 1888 506 1974 inponunt
528 1898 559 1951 ct
579 1885 647 1951 bibi
668 1885 791 1964 iubent,
818 1887 860 1951 ad
881 1887 1019 1952 hominis
1046 1907 1172 1952 morsus
1194 1906 1323 1950 carnem

196 1988 350 2054 bubulam
371 2000 504 2066 coctam,
528 1988 689 2054 efficacius
711 1988 814 2066 vituli,
838 1990 866 2054 si
887 2013 951 2055 non
973 1999 1048 2054 ante
1066 1989 1214 2073 quintum
1236 1985 1323 2051 diem

198 2090 332 2156 solvant.

239 2196 291 2257 44.
316 2192 491 2259 Veneficiis
512 2203 651 2259 rostrum
672 2192 741 2279 lupi
763 2192 913 2258 resistcre
934 2194 1148 2258 inveteratum
1170 2189 1261 2255 aiunt
1282 2188 1324 2254 ob
1341 2204 1386 2250 15⁷

196 2294 295 2379 idque
310 2294 458 2359 villarum
471 2295 574 2381 portis
588 2294 781 2380 praefigunt.
803 2293 877 2359 Hoc
891 2294 978 2358 idem
998 2303 1163 2379 praestare
1185 2302 1217 2356 et
1231 2289 1324 2376 pellis

199 2418 216 2459 e
239 2395 362 2461 cervice
385 2396 487 2460 solida
509 2395 736 2471 existumatur3
768 2397 889 2481 quippe
916 2405 1005 2459 tanta
1030 2395 1078 2460 vis
1107 2404 1157 2459 est
1179 2391 1325 2457 animalis

198 2508 327 2582 praeter
349 2519 387 2561 ea
408 2519 490 2581 quae
512 2496 690 2574 retulimus,
714 2509 750 2562 ut
771 2497 909 2585 vestigia
930 2497 999 2562 eius
1021 2498 1142 2562 calcata
1160 2495 1252 2580 equis
1266 2493 1324 2558 ad-

199 2597 305 2661 ferant
326 2608 495 2685 torporem.

241 2701 294 2764 45.
322 2698 368 2764 Iis
389 2699 445 2784 qui
467 2710 638 2786 argentum
659 2700 767 2768 vivom
794 2700 935 2767 biberint
955 2701 1082 2767 lardum
1102 2699 1244 2765 remedio
1267 2708 1388 2762 est.15s

199 2799 339 2865 Asinino
360 2801 441 2865 lacte
463 2812 541 2886 poto
563 2824 687 2867 venena
708 2803 942 2889 restinguntur,
968 2802 1172 2889 peculiariter
1194 2801 1222 2866 si
1242 2799 1325 2884 hyc-

200 2923 365 2986 scyamum
386 2913 498 2988 potum
521 2903 562 2968 sit
583 2913 640 2967 aut
661 2903 786 2970 viscum
806 2916 863 2970 aut
884 2905 989 2970 cicuta
1003 2916 1059 2970 aut
1072 2905 1165 2990 lepus
1181 2902 1324 2967 marinus

234 3075 319 3136 §ltu
343 3091 394 3124 cum
407 3083 480 3138 aceto,
491 3077 523 3126 R.
550 3084 624 3139 aceto,
640 3080 664 3129 d.
691 3087 789 3141 mamm,
800 3080 835 3129 V.
855 3120 885 3129 ..
909 3077 987 3141 athis,
1003 3072 1092 3128 OVR.
1119 3093 1149 3126 cr
1165 3075 1209 3138 Iris,
1223 3077 1253 3126 T.
1280 3073 1325 3136 tis,

201 3140 272 3208 ᾱβγ.
296 3143 335 3206 iis,
348 3146 380 3194 K.
400 3185 431 3194 -
455 3143 538 3208 quibus
552 3146 666 3209 praestim
682 3147 796 3209 truserint,
807 3149 841 3198 V.
859 3189 891 3198 ..
916 3146 941 3195 iu
957 3162 1039 3196 aurem
1055 3145 1144 3196 demerit
1156 3159 1292 3208 percussum
1309 3159 1326 3191 a

200 3211 322 3331 εὸιίνγρὲοὲε
338 3213 441 3329 trunsirp
456 3211 552 3341 mulunb,
567 3228 587 3263 r.
612 3255 642 3264 ..
669 3231 774 3276 accenso,
791 3218 816 3267 d.
841 3231 955 3276 accensa,
973 3209 1062 3266 OVR.
1086 3255 1117 3263 -
1142 3211 1253 3277 pulmone
1268 3210 1326 3268 cius,

312 3297 386 3330 ‚crus
440 3297 505 3331 mone
569 3318 575 3330 .

235 3351 250 3412 ξ
264 3354 321 3399 156.
338 3297 437 3410 ναὸίἔὲ,
451 3295 582 3400 OV’R'Vd
588 3365 608 3399 r.
626 3347 714 3412 rabidi,
726 3346 756 3411 β.
768 3391 799 3401 ..
816 3358 908 3414 partes,
917 3350 994 3400 VRd
1006 3348 1092 3412 (codd.
1103 3346 1173 3410 Get.)
1191 3362 1282 3408 carnes,
1291 3347 1325 3397 K.

199 3424 289 3479 partes.
312 3415 416 3474 Quidam
428 3433 522 3465 earnem
534 3415 610 3479 uituli,
622 3434 641 3468 r.
662 3459 692 3467 ..
716 3418 850 3480 admonent,
863 3420 897 3469 V.
917 3459 948 3468 ..
971 3418 1007 3466 ius
1023 3415 1125 3466 eiusdem
1141 3416 1229 3476 curnis,
1241 3416 1274 3465 K.
1293 3455 1324 3464 .-

203 3481 327 3545 Lcudant,
337 3485 403 3533 hanc
416 3499 503 3535 vocam
515 3500 602 3535 rursus
614 3487 697 3550 rcccpi
709 3501 742 3536 ex
751 3482 780 3548 β,
794 3487 915 3537 omissam
926 3503 942 3536 a
951 3486 1053 3536 VRTd
1058 3499 1084 3548 r,
1097 3486 1156 3549 quis
1168 3485 1253 3537 statim
1262 3481 1327 3533 inira

202 3553 309 3616 repetita
319 3552 420 3616 legitur.
434 3593 465 3602 ..
484 3551 545 3601 hirci
554 3552 621 3602 iocur
632 3570 684 3616 quo,
697 3555 760 3604 VR.
779 3554 842 3603 birci
851 3554 916 3604 iecur
927 3570 981 3617 quo,
992 3549 1022 3614 β.
1040 3552 1102 3603 hirci
1112 3552 1193 3611 iecore,
1206 3552 1281 3615 Tdy.
1295 3590 1326 3598 -

202 3618 348 3683 inpositione,
361 3621 405 3670 R¹.
426 3660 456 3668 ..
480 3621 609 3683 aquandi.
633 3638 706 3685 aqua,
719 3623 752 3672 V.
776 3621 864 3686 aliquo,
877 3624 930 3673 Td.
950 3663 981 3670 -
999 3619 1218 3682 illitum,VR'l'd.
1241 3616 1328 3666 illitum

203 3695 247 3736 cut
261 3686 335 3747 melle,
350 3683 380 3748 β.
399 3729 430 3737 ..
453 3686 581 3750 iruudinis,
594 3690 627 3739 V.
647 3730 678 3739 -
701 3697 725 3738 ct
736 3697 827 3754 potum,
840 3691 924 3742 VRd.
944 3697 1033 3753 potum,
1045 3690 1079 3738 K.
1099 3730 1129 3737 -
1153 3695 1208 3737 ante
1222 3685 1328 3752 quintum

206 3753 267 3804 diem
279 3771 350 3818 quam
361 3754 460 3816 solvunt,
472 3772 494 3806 r.

238 3826 323 3887 §ltu
348 3822 468 3884 villarum,
486 3839 537 3874 om.
552 3840 572 3874 r.
592 3865 622 3874 ..
647 3822 727 3873 solida
741 3825 844 3886 manica,
860 3818 973 3877 OvTc.
996 3823 1216 3883 solidamanumlt.
1238 3821 1286 3871 His
1302 3821 1329 3869 in

203 3891 364 3942 librariorum
382 3892 507 3942 erroribus
523 3892 544 3941 si
561 3894 623 3956 quid
638 3894 758 3943 hariolari
769 3894 836 3953 licet,
853 3895 952 3945 Plinius
964 3894 1063 3943 videtur
1078 3893 1206 3956 scripsisse
1222 3896 1245 3937 et
1256 3886 1329 3952 pelles

205 3967 228 4006 ct
239 3975 251 4006 e
263 3959 351 4009 ceruice
362 3956 442 4008 solida
453 3959 549 4008 manica
560 3961 725 4021 existumentur,
736 3970 765 4011 ut
776 3962 810 4012 sit
818 3962 983 4024 intelligenda
994 3962 1094 4011 manica
1102 3959 1187 4011 solida
1196 3955 1250 4020 (cui
1258 3956 1330 4006 nullu

206 4026 259 4075 alia
274 4029 381 4076 materia
397 4028 429 4077 sit
445 4025 543 4090 addita)
559 4030 683 4078 ccerrice
694 4029 748 4093 lupi
760 4029 839 4091 factm
859 4030 949 4093 quodsi
967 4045 1043 4094 quem
1059 4028 1194 4092 singularis
1209 4040 1329 4075 numerus

206 4093 301 4141 sncnicu
310 4093 425 4156 offendit,
435 4096 503 4160 quia,
513 4105 637 4159 quantum
649 4097 710 4157 scio,
722 4098 785 4148 alias
797 4097 874 4148 modo
887 4112 1006 4148 numerus
1017 4098 1124 4161 pluralis
1135 4097 1242 4159 legatur,
1254 4091 1330 4143 scribi

206 4171 291 4225 potest
307 4160 398 4210 solidae
414 4162 522 4219 monicae
538 4163 719 4226 existumentur,
738 4166 805 4215 unde
823 4166 948 4230 scriptura
965 4167 1082 4216 codicum
1100 4166 1136 4215 itu
1153 4173 1191 4213 cst
1209 4171 1274 4222 orta,
1292 4171 1330 4219 ut,

208 4231 278 4293 quod
294 4231 433 4281 sexcenties
450 4231 545 4282 factum
563 4247 617 4283 esse
634 4241 740 4294 constat,
758 4234 868 4284 litterum
884 4250 896 4283 e
911 4235 982 4286 vocis
1002 4233 1109 4282 manicae
1125 4247 1170 4296 per
1186 4231 1330 4295 proximam

208 4312 296 4348 voecm
313 4300 458 4362 absorptam
477 4301 636 4351 occasionem
652 4301 858 4365 interpolationis
874 4303 972 4354 dedisse
988 4303 1108 4354 dicamus.
1130 4341 1160 4349 -
1179 4295 1328 4348 animalis..
