2918 4800
141 288 182 350 22
494 258 697 346 usruaanrs
719 297 913 345 fflsromsn

140 454 248 540 Ipsius
274 453 362 518 oleae
390 450 469 516 cinis
496 472 569 514 oum
595 450 737 537 axungia
763 459 903 514 tumores
936 457 1028 512 sanat
1059 445 1262 533 extrahitque

141 555 257 620 fistulis
280 553 356 619 vitia
378 563 410 618 et
431 552 518 637 ipsas
541 561 641 617 sanat.

183 657 235 722 36.
266 653 379 721 Olivae
402 654 493 719 albae
515 653 680 719 stomacho
702 653 857 732 utiliores,
880 652 985 718 ventri
1006 651 1124 717 minus.
1160 652 1262 718 Prae·
1278 665 1309 713 ta

141 759 263 822 clarum
283 755 403 821 habent
424 778 519 821 usum
545 764 719 838 antequam
748 755 938 820 condiantur
965 764 1113 819 recentes
1140 775 1200 839 per
1228 777 1264 820 se

140 857 204 924 cibi
224 857 320 922 modo
343 856 529 933 devoratae3
552 855 719 921 medentur
740 855 826 920 enim
845 855 1023 921 harenosae
1042 854 1165 934 urinae,
1186 855 1264 921 item

140 958 290 1025 dentibus
311 980 441 1024 carnem
463 956 644 1021 mandendo
665 956 781 1021 attritis
796 966 851 1021 aut
869 956 1040 1022 convolsis.
1062 955 1166 1043 Nigra
1180 956 1265 1022 oliva

140 1061 303 1126 stomacho
323 1059 475 1136 inutihor,
499 1058 602 1122 ventri
623 1058 756 1136 facilior,
780 1058 888 1145 capiti,
911 1059 1010 1124 oculis
1025 1080 1090 1122 non
1105 1059 1264 1123 convenit.

140 1161 283 1246 Utraque
306 1160 462 1226 ambustis
484 1159 616 1246 prodest
639 1160 713 1224 trita
735 1170 767 1225 et
787 1159 893 1238 inlita,
918 1160 976 1225 sed
996 1160 1091 1245 nigra
1112 1181 1265 1224 conman-

140 1264 280 1329 ducatur
301 1274 334 1328 et
354 1260 502 1349 protinus
525 1283 566 1326 ex
587 1284 642 1327 ore
663 1261 802 1347 inposita
827 1263 962 1347 pusulas
988 1261 1081 1349 gigni
1107 1259 1265 1346 prohibet.
1370 1306 1375 1324 ,

142 1363 360 1450 Oclymbades
387 1362 517 1428 sordida
542 1364 649 1428 ulcera
676 1373 836 1449 purgant,
866 1363 994 1428 inutiles
1024 1360 1265 1428 difficultatibus

141 1466 262 1532 urinae.

183 1568 235 1632 37.
269 1565 322 1632 De
350 1589 481 1631 amurca
508 1575 691 1651 poteramus
720 1566 824 1632 videri
853 1565 931 1630 satis
960 1565 1084 1630 dixisse
1110 1562 1266 1630 Catonem
1279 1577 1311 1624 74

142 1665 260 1745 secuti,
283 1667 340 1732 sed
360 1665 526 1732 reddenda
546 1666 724 1732 medicinae
747 1689 873 1751 quoque
888 1676 946 1731 est.
972 1665 1125 1754 Gingivis
1147 1678 1179 1731 et
1200 1667 1265 1732 oris

140 1766 311 1846 ulceribus,
334 1766 478 1832 dentium
494 1766 657 1833 stabilitati
672 1767 892 1834 efficacissime
907 1768 1067 1846 subvenit,
1088 1768 1166 1832 item
1180 1768 1266 1854 igni-

142 1869 203 1934 bus
232 1869 329 1935 sacris
355 1869 462 1934 infusa
489 1879 523 1934 et
550 1868 602 1935 his
630 1893 713 1954 quae
736 1881 880 1956 serpunt.
915 1869 1132 1935 Pernionibus
1153 1869 1266 1955 nigrae

141 1971 244 2038 olivae
266 1993 396 2036 amurca
422 1970 541 2050 udhor,
569 1971 646 2038 item
672 1972 851 2038 infantibus
878 1971 1041 2049 fovendis,
1070 1971 1162 2036 albae
1189 1992 1267 2036 vcro

140 2072 310 2137 mulierum
341 2073 454 2139 volvae
485 2073 519 2138 in
551 2073 628 2138 lana'
652 2074 852 2140 admovetur.
895 2072 1001 2139 Multo
1028 2082 1134 2138 autem
1163 2071 1267 2138 omnis

140 2196 271 2240 amurca
292 2175 424 2241 decocta
445 2174 620 2252 efficaci0r3
645 2177 794 2262 coquitur
815 2176 849 2241 in
873 2173 996 2261 Cyprio
1018 2197 1096 2242 vase
1117 2174 1159 2239 ad
1181 2196 1268 2240 cras·

141 2276 314 2341 situdinem
335 2274 447 2341 mellis.
483 2276 576 2342 Usus
599 2278 669 2343 eius
691 2301 765 2343 eum
792 2290 884 2343 aceto
908 2287 962 2341 aut
983 2277 1058 2342 vino
1081 2288 1189 2342 vetere
1212 2285 1268 2341 aut

140 2379 255 2455 mulso,
276 2388 312 2442 ut
334 2400 478 2463 quaeque
501 2401 599 2444 causa
621 2379 731 2466 exigit,
753 2380 787 2444 in
802 2379 999 2444 curationem
1013 2377 1088 2454 oris,
1110 2376 1267 2456 dentium,

141 2478 278 2557 aurium,
302 2479 444 2545 ulcerum
466 2480 675 2559 manantium,
698 2480 898 2568 genitalium,
920 2479 1109 2565 rhagadum.
1143 2477 1266 2544 Volne-
1282 2490 1314 2538 75

140 2579 231 2646 ribus
252 2579 287 2644 in
306 2580 445 2648 linteolis
466 2581 642 2668 inponitur,
665 2581 785 2647 luxatis
806 2582 840 2646 in
861 2583 948 2659 lana;
975 2582 1093 2669 ingens
1114 2579 1167 2645 hic
1188 2602 1268 2645 usus

143 2680 253 2765 utique
274 2682 451 2748 inveterato
472 2684 721 2760 medicament03
745 2684 808 2749 tale
831 2682 917 2749 enim
938 2682 1062 2748 listulas
1085 2691 1187 2747 sanat.
1208 2679 1268 2746 In·

142 2782 287 2849 fimditur
303 2784 399 2864 sedis,
421 2785 620 2871 genitahum,
642 2787 755 2851 volvae
771 2785 1010 2864 exulcerationi,
1031 2783 1177 2850 inhnitur
1191 2805 1269 2849 vero

142 2883 297 2972 podagris
318 2886 559 2974 incipientibus,
580 2889 659 2952 item
680 2887 870 2953 articulariis
892 2887 1029 2964 morbis3
1053 2886 1175 2953 sivero
1196 2907 1269 2950 cum

123 3059 128 3067 ,
142 2985 311 3070 omphacio
325 2998 517 3072 recoquatur
531 2989 574 3053 ad
588 2987 692 3054 mellis
707 2983 963 3066 crassitudinem,
986 2987 1150 3054 causarios
1165 2987 1269 3052 dentis

144 3086 283 3153 extrahit
290 3112 299 3166 3
327 3087 406 3153 item
431 3089 647 3155 iumentorum
676 3089 817 3155 scabiem
840 3111 912 3154 cum
934 3089 1065 3155 decocto
1086 3087 1270 3174 lupinorum

112 3277 114 3281 ’
176 3276 291 3323 tremores,
303 3279 326 3312 a.
345 3304 375 3312 ..
398 3263 472 3327 ἰρεαε,
484 3277 508 3313 a.
526 3262 588 3328 ipra,
600 3263 657 3314 Vd.

176 3330 245 3393 §ta
263 3345 330 3378 mam
346 3338 473 3394 antequam
490 3328 640 3393 condiantur,
652 3330 707 3382 Vd.
726 3339 854 3395 aantram
870 3329 1019 3392 condiantur,
1031 3345 1054 3380 a.
1072 3335 1198 3394 antequam
1216 3344 1270 3378 eon-

142 3393 240 3446 diantar
250 3413 326 3459 mam,
337 3393 390 3464 βγ.
411 3400 453 3451 Dc
464 3414 491 3449 rs
508 3415 531 3448 r.
543 3401 662 3450 Dioscor.
677 3406 699 3461 1,
715 3405 771 3452 138.
793 3441 824 3450 ..
848 3399 903 3461 sibi,
916 3400 971 3450 Vd.
995 3439 1027 3448 -
1051 3397 1173 3460 devorata,
1185 3399 1218 3448 V.
1237 3438 1270 3448 -

142 3481 236 3513 carnem
250 3464 392 3527 mandendo,
405 3469 480 3516 codd.
491 3467 571 3517 Hand.
589 3483 684 3516 carnem
696 3466 812 3529 audendo,
828 3460 856 3517 θ.
879 3482 974 3516 carnem
986 3464 1106 3528 audenda,
1118 3467 1175 3517 Vd.
1199 3480 1271 3514 carno

142 3531 286 3589 mandenda,
304 3533 418 3584 Gronov.
434 3536 465 3585 Τ.
488 3550 584 3583 carmen
600 3534 725 3596 andebam,
742 3551 764 3585 a
787 3532 914 3597 andedam,
927 3533 955 3585 d.
977 3542 1027 3597 aut,
1038 3530 1068 3596 β.
1092 3575 1124 3584 ...
1145 3531 1269 3598 perans,

142 3601 176 3652 K.
196 3641 226 3715 ,ἶ
245 3599 421 3731 ocgliaVad.
448 3600 567 3664 etoenlts,
583 3597 634 3666 βγ.
652 3643 685 3653 ..
712 3600 766 3664 sed,
783 3603 829 3652 ad.
857 3600 899 3660 ad,
915 3603 950 3653 V.
979 3643 1010 3652 ..
1038 3601 1147 3666 penulas,
1167 3595 1270 3653 OVau.

140 3675 212 3730 pastu
222 3684 258 3731 ae,
293 3706 299 3718 .

178 3732 192 3794 5
207 3740 246 3786 74.
265 3753 375 3802 amma,
388 3737 435 3786 V'.
449 3777 480 3786 -
499 3734 587 3785 duone
601 3743 640 3798 13,
653 3743 694 3788 33.
707 3743 748 3788 34.
766 3737 834 3788 Add.
847 3737 967 3788 Dioscor.
982 3742 1003 3798 1,
1020 3743 1076 3786 140.
1089 3777 1121 3786 ..
1133 3734 1271 3796 medicinae,

144 3802 199 3853 Va.
218 3801 342 3864 medicina,
354 3805 409 3860 Ta,
429 3846 461 3855 ..
479 3803 615 3864 stabilitati,
628 3806 705 3855 Vad.
722 3803 859 3867 stabilitate,
870 3800 901 3866 β.
919 3845 951 3854 -
978 3802 1073 3870 cyprio,
1085 3819 1127 3855 ar.
1145 3821 1226 3870 cypro,
1238 3807 1270 3856 Τ.

145 3868 187 3932 qni
195 3885 248 3932 pro,
261 3872 316 3921 Vd.
335 3888 428 3936 cupreo,
439 3868 470 3934 β.
493 3914 524 3922 ..
552 3880 595 3921 ant
627 3873 792 3937 aaeqnqu.
815 3913 847 3922 -
876 3872 994 3938 capiqd.
1012 3869 1214 3939 exigatVassr.
1238 3914 1269 3921 ..

145 3936 298 4000 curationem,
314 3934 423 3991 OVTd.
441 3939 569 4000 curatione,
582 3889 652 4004 spir.
670 3981 702 3990 ..
726 3939 868 4006 rhapadam,
881 3957 904 3990 a.
923 3937 1052 4004 hapadam,
1065 3940 1110 3992 Vn
1120 3939 1233 4006 epodon,
1245 3941 1271 3988 d.

179 4003 193 4065 5
208 4009 248 4055 75.
267 4022 330 4067 asae,
342 4023 366 4057 a.
383 4024 460 4071 sacua
472 4010 529 4060 vd.
548 4050 580 4059 ..
599 4007 755 4071 articularia,
768 4010 845 4061 Vad.
863 4006 1043 4067 articularibus,
1054 4004 1084 4070 β.
1102 4048 1135 4058 ..
1153 4007 1271 4069 decoqua-

145 4080 190 4134 tar,
202 4074 315 4124 Marbac.
328 4090 369 4138 ap.
382 4075 486 4127 Oomar.
499 4078 532 4126 ad
543 4078 662 4128 Dioscor.
678 4084 699 4138 1,
715 4083 771 4128 113.
791 4118 822 4128 ..
844 4075 975 4138 macarios,
991 4069 1117 4127 avrea
1129 4072 1273 4137 (Murbac.)

144 4157 249 4260 gangaro?
260 4137 356 4274 βγᾶαῑ
367 4141 555 4272 ¹chqqmacleonte,
567 4146 643 4197 vad.
661 4144 832 4206 chamaeleone,
844 4160 870 4210 γ.
893 4184 925 4195 ..
947 4142 1079 4209 podagras,
1092 4137 1121 4192 θ.
1140 4140 1271 4207 puduerat,

204 4224 249 4260 a.
283 4226 297 4258 o
348 4225 391 4272 ra,
426 4247 433 4260 .

179 4280 193 4344 §
208 4282 247 4330 76.
264 4227 407 4343 hponasum,
420 4279 476 4329 Vd.
493 4280 534 4331 De
547 4296 608 4331 rev.
621 4281 737 4333 Dioscor.
755 4287 776 4342 1,
791 4285 846 4330 133.
865 4321 897 4328 ..
917 4295 937 4341 e,
949 4280 1004 4330 Vd
1022 4294 1047 4340 a,
1059 4293 1082 4328 a.
1101 4318 1132 4328 ..
1152 4275 1236 4343 explet,
1248 4293 1271 4329 a.
