2918 4800
457 317 644 363 traxxrx.
676 316 752 363 oar.
770 318 792 362 1.
823 305 987 364 suemus.
1212 302 1274 366 339

156 467 379 544 familiaribus,
400 488 496 550 quem
518 490 576 531 nos
599 491 658 552 per
679 491 798 553 genera
818 490 897 532 usus
922 468 971 532 sui
994 468 1179 554 digerimus.
1202 469 1275 534 Non
1290 488 1320 531 rs

155 592 223 634 rem
246 568 366 651 antiqui
394 569 589 633 damnabant
611 570 667 634 sed
696 581 811 647 artem,
839 592 988 633 maxume
1009 592 1086 634 vero
1107 582 1275 653 quaestum

156 693 226 735 esse
248 669 368 733 inmani
390 671 494 754 pretio
517 671 600 735 vitae
621 671 822 736 recusabant.
845 670 923 735 Ideo
946 672 1099 756 templum
1119 671 1275 737 Aescula-

155 770 200 856 pi,
224 771 321 835 etiam
343 794 415 836 oum
438 772 634 858 reciperetur
656 773 684 837 is
706 773 801 850 deus,
830 783 921 837 extra
941 772 1055 837 urbem
1078 773 1194 838 fecisse
1215 775 1274 838 ite-

155 894 290 956 rumque
312 873 346 936 in
368 873 473 937 insula
496 874 665 938 traduntur
688 884 730 951 et,
754 897 826 939 cum
850 872 993 940 Graecos
1008 874 1100 939 Italia
1121 875 1277 961 pellerent

156 974 212 1038 diu
235 974 330 1038 etiam
352 985 426 1059 post
449 972 616 1052 Catonem,
639 975 805 1060 excepisse
826 976 976 1041 medicos.
1010 977 1150 1064 Augebo
1171 977 1319 1062 provi-17

157 1075 299 1140 dentiam
320 1075 462 1140 illorum:
486 1077 585 1140 solam
607 1077 688 1142 hanc
710 1078 827 1141 artium
843 1074 1041 1143 Graecarum
1055 1080 1197 1144 nondum
1219 1103 1275 1144 ex·

156 1187 242 1241 ercet
263 1176 409 1242 Romana
430 1177 570 1262 gravitas
592 1179 625 1240 in
648 1188 736 1242 tanto
758 1178 879 1255 fructu,
904 1178 1069 1261 quiritium
1091 1180 1277 1265 paucissimi

156 1279 292 1365 attigere
321 1289 352 1343 et
379 1279 443 1363 ipsi
473 1280 578 1343 statim
606 1280 647 1343 ad
676 1279 816 1345 Graecos
847 1280 1048 1365 transfugae,
1076 1282 1173 1345 immo
1201 1303 1277 1346 vero

157 1380 331 1445 auctoritas
353 1380 445 1446 aliter
467 1403 562 1465 quam
585 1379 710 1446 Graece
738 1405 808 1446 eam
836 1382 1044 1447 tractantibus
1072 1384 1167 1446 etiam
1189 1383 1277 1469 apud

155 1481 315 1565 inperitos
337 1483 543 1568 expertisque
559 1483 688 1568 linguae
703 1505 768 1546 uon
783 1494 848 1560 est,
872 1505 909 1547 ac
924 1484 1030 1548 minus
1045 1485 1180 1548 credunt
1194 1506 1276 1567 quae

155 1583 197 1646 ad
220 1582 353 1648 salutem
378 1606 468 1648 suam
490 1585 663 1669 pertinent,
688 1584 714 1647 si
735 1583 934 1669 intellegunt.
957 1583 1073 1667 Itaque
1086 1584 1228 1651 Hercule
1241 1586 1277 1649 in

156 1683 217 1748 hac
238 1684 354 1748 artium
378 1684 445 1748 sola
475 1684 582 1748 evenit
607 1695 643 1748 ut
672 1684 862 1767 cuicumque
889 1684 1049 1749 medicum
1076 1708 1110 1750 se
1132 1687 1277 1771 professo

156 1785 263 1850 statim
286 1785 445 1863 credatur,
468 1807 540 1849 cum
564 1785 606 1849 sit
627 1786 806 1870 periculum
827 1785 861 1848 in
882 1785 968 1850 nullo
983 1787 1147 1850 mendacio
1162 1789 1276 1852 maius.

154 1885 231 1952 Non
254 1899 360 1952 tamen
382 1887 461 1952 illud
482 1887 658 1963 intuemur3
682 1888 763 1951 adeo
784 1886 903 1952 blanda
925 1898 972 1952 est
995 1887 1145 1973 sperandi
1166 1910 1226 1973 pro
1242 1909 1275 1953 se
1291 1903 1321 1948 ιε

156 1989 271 2072 cuique
294 1990 437 2054 dulcedo.
471 1989 567 2053 Nulla
595 2000 762 2074 praeterea
788 1988 840 2054 lex
868 2010 950 2071 quae
977 1989 1090 2073 puniat
1115 1989 1274 2054 inscitiam

155 2112 236 2169 eam,
260 2091 394 2178 capitale
416 2091 538 2155 nullum
562 2091 742 2176 exemplum
764 2090 932 2155 vindictae.
960 2089 1102 2155 Discunt
1112 2091 1276 2176 periculis

155 2192 274 2257 nostris
297 2203 328 2258 et
349 2194 569 2278 experimenta
589 2216 649 2279 per
675 2193 787 2257 mortis
816 2204 917 2278 agunt
943 2192 1131 2276 medicoque
1153 2201 1276 2256 tantum

155 2293 314 2358 hominem
337 2295 493 2360 occidisse
514 2297 677 2381 inpunitas
701 2317 823 2359 summa
846 2305 910 2368 θεῖς
939 2294 1015 2377 quin
1044 2295 1141 2359 immo
1162 2294 1276 2358 transit

157 2395 331 2460 convitium
354 2407 384 2460 et
405 2397 652 2483 intemperantia
672 2398 822 2481 culpatur
843 2397 992 2479 ultroque
1013 2395 1069 2478 qui
1083 2396 1208 2481 periere
1223 2418 1274 2492 ar7

156 2507 310 2584 guuntur.
333 2495 400 2563 Sed
423 2499 571 2564 decuriae
590 2521 651 2586 pro
673 2521 760 2563 more
783 2499 927 2564 censuris
949 2497 1130 2583 principum
1152 2498 1275 2562 exami-

156 2672 247 2722 dicitur
258 2687 274 2720 a
287 2672 429 2724 Claudiano
442 2676 539 2724 consul.
553 2674 653 2726 Stilich.
667 2681 691 2734 3,
707 2677 771 2735 173,
790 2673 868 2722 insula
883 2673 975 2723 Tiberis
986 2674 1013 2721 in
1024 2673 1089 2721 Livii
1103 2674 1161 2736 epit.
1177 2679 1216 2722 ll.
1233 2674 1274 2722 De

156 2741 249 2802 copula
261 2757 305 2803 que
322 2758 345 2790 v.
358 2744 390 2790 ad
403 2749 444 2802 36,
459 2748 498 2792 15.
512 2784 542 2792 -
556 2742 580 2791 in
593 2740 679 2802 insula,
691 2742 793 2792 VR2d.
812 2739 898 2802 insula,
910 2743 955 2792 R'.
969 2781 1000 2790 ..
1013 2738 1054 2789 diu
1067 2740 1145 2803 etiarn,
1158 2740 1211 2790 Rd.
1224 2739 1274 2802 dia,

156 2808 211 2870 Vr.
225 2849 256 2857 ..
274 2808 414 2873 excoquere,
430 2812 464 2860 V.
482 2812 607 2861 Harduin.
624 2810 686 2860 dicit
702 2811 808 2874 excipere
823 2811 850 2858 h.
865 2812 882 2859 l.
901 2822 956 2860 non·
971 2823 1025 2859 esse
1043 2807 1141 2870 demere,
1157 2825 1275 2859 secernere

155 2877 195 2924 rel
211 2875 310 2925 eximere
326 2893 432 2938 numero,
454 2881 497 2928 sed
515 2879 651 2926 nominatim
672 2894 762 2940 cavere,
787 2880 857 2927 cuius
875 2878 1064 2940 significationis
1081 2879 1200 2941 exempla
1215 2880 1273 2943 plu-

155 2943 220 2992 rima
232 2947 299 3007 apud
311 2947 498 2995 iureconsultos
512 2961 643 2996 occurrere
655 2953 732 3009 atque
744 2947 812 3011 apud
824 2947 908 3009 ipsum
921 2945 1070 2996 Ciceronem
1083 2947 1116 2994 ad
1129 2946 1216 3006 Quint.
1228 2947 1272 2994 Fr.

155 3011 176 3059 1:
191 3017 213 3070 l,
227 3017 250 3060 9.
263 3011 277 3071 §
291 3018 331 3062 26.
350 3013 533 3075 nominatimque
545 3013 583 3062 lea
594 3014 718 3076 exciperet,
729 3021 756 3062 ut
767 3012 802 3061 ad
813 3012 920 3076 templum
933 3021 1101 3061 monumentum
1114 3011 1273 3076 (pecuniam)

155 3094 239 3140 capere
251 3077 337 3128 liceret.
356 3081 454 3129 Atiam
468 3081 573 3130 Gesner.
586 3083 721 3130 chrestom.
733 3081 801 3129 Plin.
817 3096 842 3143 p.
857 3085 913 3132 7³4.
933 3088 1002 3130 recte
1014 3081 1194 3129 animadvertit
1204 3080 1274 3129 huno

154 3148 241 3195 locum
250 3161 302 3194 non
310 3146 394 3195 facere
402 3162 449 3210 pro
458 3149 599 3208 Harduin0,
610 3150 654 3196 sed
667 3150 698 3196 ad
711 3149 839 3210 vulgatam
848 3149 917 3197 verbi
926 3149 1139 3210 significationem
1147 3148 1273 3210 pertinere
1343 3154 1344 3159 ’

154 3214 246 3274 videri3
264 3213 381 3276 profecto
401 3217 468 3263 enim
485 3215 592 3277 excipere
609 3215 702 3263 inillis
719 3214 847 3264 Ciceronis
862 3215 945 3264 verbis
962 3215 1027 3262 nihil
1040 3223 1078 3264 est
1089 3216 1138 3264 nisi
1150 3216 1234 3277 legem
1246 3215 1273 3263 in

153 3282 241 3343 aliqua
253 3298 299 3330 sua
310 3289 380 3345 parte
393 3283 505 3344 aliquam
519 3284 662 3332 libertatern
676 3288 797 3341 statuere,
814 3283 910 3345 aliquid
925 3296 958 3331 ex
975 3297 1022 3333 sua
1038 3283 1172 3332 severitate
1187 3284 1273 3332 remit·

154 3358 214 3397 tere.
232 3349 290 3398 Huc
307 3351 412 3410 accedit,
430 3352 498 3413 quod
514 3351 539 3398 in
556 3351 606 3401 illis
622 3351 705 3399 verbis
721 3351 844 3413 particula
862 3357 887 3396 nt
902 3351 1021 3413 sequitur,
1038 3351 1064 3400 h.
1076 3352 1093 3400 l.
1107 3352 1273 3400 accusativus.

153 3417 188 3465 Et
201 3418 256 3478 quis
268 3418 374 3480 scriptor
385 3434 506 3481 umquam
518 3427 571 3467 tam
583 3419 702 3480 ambigue
714 3417 867 3481 scripsisset?
885 3417 966 3467 Recte
977 3419 1057 3482 igitur
1073 3420 1140 3468 idem
1153 3419 1198 3467 ille
1211 3418 1274 3468 Ges·

153 3499 228 3534 nerus
239 3484 326 3534 locum
338 3495 484 3549 corruptum
496 3487 581 3547 habet,
595 3489 639 3550 qui
650 3488 686 3536 ita
697 3486 867 3535 restituendus
880 3493 925 3547 est,
933 3494 962 3536 ut
971 3487 1036 3536 inter
1045 3495 1143 3536 ceteros
1152 3485 1273 3548 expulsos

155 3550 267 3602 Graecos
279 3554 436 3616 potissimum
449 3556 561 3605 medicos
574 3569 669 3619 sosque
680 3555 831 3603 nominatim
848 3555 980 3604 severitate
992 3555 1057 3618 legis
1073 3554 1201 3619 perculsos
1219 3566 1273 3602 esse

153 3619 250 3668 Plinius
263 3622 337 3670 dicat.
354 3622 497 3672 Lenissima
508 3631 593 3672 tamen
610 3639 640 3672 ea
656 3623 782 3672 medicina
796 3623 904 3683 ridetur,
923 3624 944 3672 si
960 3638 1007 3686 pro
1024 3630 1047 3671 et
1063 3620 1274 3685 aum„ercepisse

153 3687 270 3737 scribitur
281 3704 323 3736 nec
334 3705 385 3738 cum
392 3732 423 3740 ..
430 3691 555 3754 excepisse.
1058 3692 1069 3701 ⁵

188 3756 202 3816 ξ
218 3759 255 3803 17.
270 3753 431 3819 prudentiam,
443 3759 475 3807 K.
495 3800 526 3808 ..
546 3758 709 3821 tantosructu‚
720 3756 791 3806 But.
810 3756 997 3820 tantosructum,
1009 3760 1042 3807 V.
1061 3757 1273 3820 tantumsructum,

152 3821 198 3869 R'.
212 3861 243 3868 -
256 3820 376 3882 quiritium
385 3825 533 3888 paucissimi,
550 3821 628 3876 aad.
644 3823 785 3889 paucissimi
794 3824 924 3888 quiritium,
936 3822 1016 3888 Vfir.
1036 3866 1067 3876 ..
1085 3824 1240 3888 transfumat,
1252 3841 1272 3875 r.

154 3930 184 3938 ..
208 3887 303 3949 Graeci,
320 3891 352 3940 R.
376 3933 406 3941 ..
430 3900 464 3952 at,
482 3896 505 3942 d.
528 3935 560 3943 -
584 3892 724 3958 intellipant,
742 3894 774 3942 R.
798 3933 830 3942 ..
853 3891 964 3954 Hercule,
981 3895 1013 3942 V.
1031 3891 1221 3953 Herculealid.
1241 3933 1272 3941 ...

153 3954 266 4004 medicum
282 3973 314 4017 se,
333 3960 357 4007 d.
381 3958 447 4008 moda
462 3976 495 4020 re,
512 3962 544 4010 R.
568 3960 636 4009 modo
653 3976 687 4019 re,
704 3960 737 4009 V.
762 4001 792 4009 ..
814 3961 931 4024 prrffesso,
947 3963 1003 4011 Vd.
1018 3961 1183 4025 proserru,R.
1199 3961 1273 4025 prqfi·

154 4025 218 4086 tenti,
232 4041 252 4073 r.
271 4066 301 4074 ..
321 4026 519 4088 maius,·VR²d.
538 4021 619 4096 massis,
631 4029 676 4077 R'.

188 4095 202 4157 §
218 4099 256 4143 18.
274 4092 409 4155 intueretur,
422 4097 465 4144 ΒΑ.
480 4135 510 4143 -
523 4093 590 4156 adeo,
603 4096 656 4146 Rd.
674 4095 706 4143 ab
718 4111 751 4154 eo,
762 4095 796 4146 V.
806 4135 836 4144 ..
848 4094 1002 4156 inscientiam,
1015 4097 1059 4145 B).
1070 4135 1101 4144 ..
1116 4111 1177 4156 earn,
1190 4088 1217 4145 θ.
1236 4112 1272 4156 aa,

153 4160 186 4209 V.
200 4161 288 4212 Omitt.
302 4156 404 4227 Rdssy.
428 4203 459 4211 ..
478 4161 589 4226 capitale,
610 4158 751 4213 OVRTd.
770 4161 903 4226 capitalem,
914 4159 943 4224 β.
958 4203 988 4212 ..
1004 4161 1091 4211 transit
1102 4162 1127 4211 in
1139 4162 1272 4224 convitium,

152 4229 186 4276 V.
197 4269 227 4278 ..
236 4229 323 4291 perire,
333 4232 366 4280 V.
377 4273 407 4280 ..
423 4228 531 4292 Quinque
543 4228 661 4291 decuriae,
676 4230 788 4280 Gronov.
801 4231 906 4282 miscell.
919 4247 943 4296 p.
953 4237 1012 4281 850.
1024 4247 1076 4294 seq.
1089 4271 1121 4281 ...
1134 4231 1272 4280 exaniman-

154 4302 199 4356 tur,
211 4297 244 4345 V.
1054 4365 1070 4398 *
