2918 4800
197 316 257 379 162
546 326 752 376 narnusms
773 324 969 374 marcatas

194 506 312 549 nomen
327 481 536 568 incognitum.
560 478 649 562 Quid
664 480 724 545 hoc
745 501 818 545 esse
840 479 984 544 dicamus
1006 488 1061 543 aut
1082 499 1164 562 quas
1185 479 1318 544 deorum

192 587 280 651 iras?
301 583 421 664 Parum
444 593 534 648 erant
555 583 641 648 enim
655 581 775 646 homini
789 591 878 646 certa
892 579 1076 645 morborum
1090 601 1221 666 genera,
1245 602 1318 646 cum

194 711 293 774 supra
315 707 374 751 ccc
396 696 514 764 essent,
543 685 606 750 nisi
633 684 729 750 etiam
755 705 839 748 nova
866 683 1075 754 timerentur?
1109 681 1225 767 Neque
1253 681 1318 769 ipsi

193 800 301 854 autem
329 787 475 854 homines
502 786 654 873 pauciora
684 784 744 851 sibi
772 807 870 871 opera
898 807 956 850 sua
981 784 1114 874 negotia
1144 785 1317 871 inportant.

192 890 286 956 Haec
307 888 394 977 apud
415 888 541 977 priscos
569 899 659 954 erant
686 908 769 971 quas
797 880 1012 966 memoramus
1033 887 1187 965 remedia,
1214 886 1317 952 medi·
1333 904 1364 947 10

192 993 296 1058 cinam
316 992 388 1078 ipsa
407 990 643 1076 quodammodo
664 1012 772 1054 rerum
793 1000 910 1054 natura
922 988 1069 1068 faciente,
1092 998 1124 1056 et
1144 989 1200 1055 diu
1215 988 1318 1054 fuere.

191 1093 238 1158 Π.
260 1092 473 1179 Hippocratis
496 1104 585 1158 certe
605 1091 660 1176 qui
681 1091 804 1177 primus
826 1088 978 1156 medendi
1004 1101 1180 1178 praecepta
1206 1090 1317 1156 claris-

193 1195 273 1261 sime
294 1194 438 1260 condidit
451 1194 569 1259 referta
582 1192 755 1258 herbarum
769 1193 930 1258 mentione
949 1192 1131 1259 invenimus
1145 1192 1318 1269 volumina,

192 1318 253 1362 nec
274 1296 380 1361 minus
401 1294 510 1361 Diocli
534 1293 678 1380 Carystii
699 1294 754 1381 qui
776 1295 936 1360 secundus
963 1304 1067 1361 aetate
1089 1294 1239 1380 famaque
1260 1317 1318 1359 ex-

193 1398 290 1477 stitit,
317 1399 394 1463 item
420 1396 625 1486 Praxagorae
654 1407 686 1462 et
715 1394 894 1484 Chrysippi
921 1418 960 1461 ac
988 1396 1104 1463 deinde
1131 1395 1319 1477 Erasistrati

195 1497 290 1577 Coi3-
306 1498 485 1586 Herophilo
514 1499 644 1583 quidem
666 1520 860 1583 quamquam
883 1497 1057 1565 subtilioris
1079 1511 1185 1565 sectae
1206 1495 1318 1564 condi·
1334 1512 1362 1557 ιι

194 1600 256 1666 tori
284 1610 357 1666 ante
386 1600 488 1666 omnis
516 1601 697 1668 celebrante
726 1600 891 1666 etiamtum
912 1599 1067 1667 rationem
1096 1625 1177 1680 eam,
1205 1601 1318 1686 paula-

194 1702 251 1766 tim
279 1726 342 1768 usu
371 1702 590 1769 efficacissimo
619 1726 727 1768 rerum
752 1702 895 1768 omnium
915 1701 1087 1791 magistro,
1115 1699 1320 1789 peculiariter

194 1804 305 1888 utique
327 1805 515 1884 medicinae,
537 1806 579 1869 ad
599 1805 698 1871 verba
713 1804 997 1892 garrulitatemque
1012 1805 1242 1880 descendente3
1267 1823 1318 1867 se-

194 1905 271 1972 dere
292 1930 431 1993 namque
452 1907 486 1974 in
509 1907 626 1973 scholis
648 1907 804 1973 auditioni
819 1916 967 1993 operatos
988 1905 1112 1993 matius
1134 1914 1202 1973 erat
1223 1924 1320 1987 quam

193 2007 240 2073 ire
262 2030 320 2094 per
342 2008 532 2075 solitudines
555 2020 587 2075 et
609 2028 762 2095 quaerere
784 2007 902 2075 herbas
923 2008 1002 2074 alias
1017 2008 1088 2075 aliis
1104 2007 1219 2073 diebus
1233 2005 1318 2072 anni.

236 2108 298 2174 111.
328 2112 357 2176 7.
384 2110 534 2178 Durabat
560 2122 668 2177 tamen
695 2108 871 2194 antiquitas
896 2109 989 2175 firma
1016 2131 1215 2197 magnasque
1241 2121 1365 2173 con-12
1423 2162 1434 2177 .

194 2210 301 2276 fessae
314 2211 360 2277 rei
375 2212 558 2280 vindicabat
572 2212 734 2299 reliquias,
749 2212 852 2278 donec
862 2211 1074 2298 Asclepiades
1089 2221 1194 2278 aetate
1204 2207 1321 2297 Magni

195 2310 331 2397 Pompei
353 2315 466 2379 orandi
487 2316 640 2404 magister
661 2335 721 2381 nec
743 2314 821 2379 satis
842 2313 884 2378 in>
898 2324 968 2380 arte
983 2335 1022 2379 ea
1035 2325 1259 2398 quaestuosus,
1282 2321 1320 2375 ut

234 2520 289 2580 Qui,
301 2522 378 2572 VR'.
399 2563 429 2571 -
448 2521 506 2573 iras.
524 2520 626 2584 Parnm,
637 2522 722 2573 VRd.
745 2498 887 2587 ἱκαερῗναηι,
899 2538 922 2573 a.
945 2522 1030 2573 minas.
1048 2521 1148 2584 Parnm,
1165 2539 1184 2572 r.
1203 2562 1231 2572 ..
1253 2527 1322 2568 cram

196 2605 265 2666 enim,
276 2606 362 2656 VRd.
380 2605 439 2654 enim
453 2613 528 2667 aaut,
541 2601 611 2672 αβγ.
626 2648 657 2657 -
675 2614 771 2667 certam,
780 2608 814 2658 V.
829 2648 859 2657 -
873 2614 958 2666 antem,
967 2607 1047 2658 VRd
1058 2605 1145 2669 (codd.
1159 2603 1230 2668 Gel.)
1248 2601 1284 2664 dt,
1297 2621 1320 2655 a.

198 2713 228 2722 -
248 2689 317 2736 opere
333 2688 382 2734 sno,
395 2691 414 2724 r.

230 2760 298 2820 §lm
321 2773 488 2820 memoramus,
504 2776 520 2809 a
537 2756 562 2821 (s
578 2758 604 2808 iu
621 2757 730 2824 rasura).
754 2801 785 2808 ..
804 2757 917 2822 remedia,
930 2760 954 2809 d.
981 2767 1004 2808 et
1020 2757 1105 2821 medim
1118 2758 1181 2810 VB.
1207 2756 1293 2818 media,
1306 2774 1322 2806 a

197 2822 231 2885 (m
244 2825 270 2873 in
281 2823 389 2888 rasura).
410 2867 441 2875 ..
460 2824 583 2888 medicina,
594 2828 699 2878 VRad.
718 2868 749 2878 -
768 2827 820 2891 ipso
834 2843 935 2891 quonam
946 2826 1022 2888 modo,
1034 2828 1066 2877 V.
1086 2867 1117 2877 ..
1132 2828 1212 2890 ferta,
1224 2828 1269 2877 13¹.
1289 2864 1320 2874 ..

87 2943 92 2948 ,
196 2890 456 2958 DiocliVRadpp.
483 2891 603 2956 Dicdid.
630 2890 794 2959 Dioclsaflr.
815 2937 846 2944 -
873 2893 975 2960 Carysti,
987 2912 1010 2945 a.
1033 2892 1133 2953 ciaristi,
1145 2895 1207 2945 VR.
1227 2935 1257 2943 ..
1273 2894 1321 2956 fa·

196 2975 289 3022 niaque,
298 2962 383 3011 VRd.
401 2977 510 3024 namque,
521 2963 546 3012 R
558 2961 602 3024 (ad
615 2961 708 3026 marg.)
717 2979 740 3012 a.
752 3003 783 3012 ..
796 2962 953 3028 Praaapora,
965 2979 987 3012 a.
1001 3002 1032 3011 ..
1045 2978 1083 3022 ac,
1092 2963 1147 3012 VR
1155 2960 1202 3024 (ex
1210 2959 1288 3024 corr.)
1298 2977 1321 3010 a.

196 3043 217 3086 c,
234 3030 260 3076 d.
279 3068 310 3076 ..
328 3026 479 3077 Erasistrati
492 3026 541 3091 Oai,
559 3031 654 3081 itanos
670 3031 822 3095 scripsimus.
847 3029 1158 3090 ErasisaaticaVBTd.
1184 3028 1322 3080 emanso.

197 3094 249 3151 tiro,
266 3112 289 3144 a.
316 3094 472 3157 Erasistrati,
488 3092 539 3161 βγ.
566 3096 715 3146 Erasistrati
728 3096 780 3159 Oee',
797 3099 866 3148 Pint.
883 3099 944 3147 coll.
964 3097 1081 3148 Strabou.
1097 3099 1131 3148 X.
1145 3103 1168 3157 5,
1182 3103 1206 3148 b.
1223 3113 1248 3160 p.
1263 3103 1321 3147 486.

197 3163 234 3212 At
245 3164 344 3214 Plinius
357 3167 460 3214 cosdem
473 3181 530 3214 cam
541 3165 674 3230 Stephano
686 3169 748 3230 Byn.
761 3183 780 3217 s.
792 3182 816 3215 v.
830 3158 895 3224 Κῶς
905 3165 989 3216 fontes
1001 3175 1039 3216 eat
1050 3173 1162 3216 secutus:
1180 3159 1255 3214 Odrnr
1266 3159 1321 3229 γὰρ

125 3264 134 3273 -
197 3227 376 3297 ἐχρημάτιζον
387 3223 567 3300 Ἱπποκράτης
577 3228 622 3282 καὶ
633 3224 844 3301 Ἐρασίστρατος
855 3229 954 3297 ἰατροί,
968 3249 1002 3283 sc.
1015 3226 1100 3282 Krios.

232 3298 246 3358 ἓ
268 3305 307 3348 11.
337 3299 467 3350 celebrante
487 3300 619 3360 etiamtum,
642 3303 679 3352 ita
697 3318 747 3352 nos
769 3303 923 3366 scripsimus.
953 3300 1103 3361 celebratum,
1121 3317 1144 3350 a.
1173 3298 1322 3360 celebratum,

196 3363 327 3432 vanna
346 3370 387 3418 De
398 3368 498 3418 ratione
509 3371 693 3420 emendationis
705 3381 807 3420 nostrae
819 3385 841 3419 v.
855 3384 920 3433 quae
932 3368 998 3418 inira
1013 3370 1045 3417 ad
1057 3384 1081 3418 v.
1094 3365 1244 3418 descendente
1256 3367 1322 3416 dixi-

197 3450 261 3483 mus.
282 3475 312 3483 -
331 3434 439 3494 rationis,
452 3439 483 3487 R.
503 3477 534 3486 ..
556 3435 714 3498 descendente,
731 3440 799 3488 banc
815 3440 963 3502 scripturam
981 3452 1014 3487 ex
1025 3431 1047 3497 β
1058 3437 1230 3486 revocavimus
1241 3449 1322 3499 eaque

196 3502 223 3548 in
236 3503 260 3550 V
274 3517 334 3552 am.
347 3519 384 3566 pr.
396 3503 474 3553 fuisse
486 3506 593 3554 videtur.
615 3504 797 3562 descendentem,
810 3507 862 3556 Td.
885 3502 1029 3568 defendente,
1041 3505 1068 3554 V
1073 3517 1097 3568 γ.
1119 3502 1286 3565 defendentem,
1298 3517 1321 3551 a.

198 3566 343 3631 defendente,
361 3571 392 3621 R.
419 3572 533 3632 Vulgata
550 3571 592 3636 (γ)
609 3573 685 3623 huius
700 3573 750 3623 loci
766 3573 890 3636 scriptura
905 3582 957 3623 tam
974 3573 1042 3622 iusta
1056 3572 1190 3622 verborum
1205 3571 1323 3620 iunctura

198 3651 274 3699 quam
292 3638 348 3700 ipso
365 3653 440 3688 sensu
457 3646 532 3688 caret.
560 3641 629 3701 Quid
646 3642 713 3690 enim
730 3649 768 3690 est
783 3639 915 3703 Herophilo
932 3639 1074 3689 cehbramm
1090 3638 1204 3688 ratmnem
1220 3653 1271 3686 earn
1288 3634 1324 3684 od

198 3705 270 3751 verba
284 3703 495 3768 parricidalemque
511 3705 665 3770 defendente?
688 3710 755 3758 Tum
772 3708 925 3771 ineptissime
942 3706 1079 3772 defendente
1094 3708 1126 3756 ab
1143 3706 1257 3757 subiecto
1274 3717 1322 3753 suo

197 3770 329 3834 Herophilo
346 3787 391 3835 per
404 3775 576 3837 parenthesim
593 3784 730 3839 separatur,
748 3790 814 3839 quae
829 3776 913 3839 potius
929 3778 1068 3826 arctissime
1085 3791 1143 3825 cum
1154 3773 1239 3823 verbis
1251 3787 1321 3835 seqq.

197 3836 278 3886 sedere
290 3854 389 3902 namque
401 3843 534 3905 cohaeret3
552 3851 578 3893 et
593 3846 723 3906 quomodo
740 3844 796 3907 quis
813 3846 897 3893 credat
908 3844 1020 3894 Plinium
1032 3847 1064 3894 de
1074 3842 1227 3906 Herophilo,
1246 3853 1322 3903 quem
1362 3840 1367 3849 “

197 3906 346 3957 laudaturus
367 3917 428 3968 erat,
449 3911 575 3960 dicturum
595 3910 672 3961 fuisse
692 3927 749 3961 eum
771 3911 914 3962 defendisse
934 3913 1085 3965 celebratam
1105 3911 1177 3961 illam
1197 3908 1321 3958 rationem
1363 3962 1369 3974 .

197 3976 331 4035 usquead
351 3978 537 4038 garrulitatem,
564 3979 661 4028 etiamsi
685 3979 771 4042 largiri
793 3979 900 4029 velimus
923 3977 958 4027 ad
979 3980 1015 4030 ita
1037 3980 1088 4030 dici
1111 3991 1194 4043 posse.
1224 3975 1322 4024 Plinius

197 4042 282 4103 potius
303 4044 364 4092 dicit
383 4045 569 4109 Herophilum,
596 4061 750 4111 quamquam
771 4047 911 4098 subtilioris
932 4056 1015 4097 sectae
1040 4047 1209 4104 conditorem,
1237 4050 1321 4092 tamen

197 4109 319 4158 rationem
332 4112 496 4175 Hippocratis
512 4114 615 4176 eiusque
631 4115 813 4179 discipulorum
830 4124 889 4165 ente
906 4130 994 4164 omnes
1010 4114 1181 4173 celebravisse,
1199 4111 1322 4175 paulatim

197 4191 270 4224 usum
289 4175 349 4242 (τὴν
368 4177 524 4245 ἐμπειρίαν)
542 4183 574 4229 ad
591 4183 670 4232 verba
687 4185 912 4247 garrulitatemque
930 4183 1099 4239 descendisse,
1120 4193 1221 4244 semper
1237 4189 1323 4229 tamen
1386 4189 1388 4195 ’

197 4241 293 4308 (512.)
310 4248 487 4311 antiquitatem
504 4249 603 4298 firmam
621 4252 763 4311 duravisse,
785 4254 867 4301 donec
883 4251 1050 4313 Asclepiades
1070 4255 1149 4298 totam
1170 4247 1324 4297 medicinam

197 4316 337 4364 mutaverit.
355 4317 423 4364 Hinc
435 4314 566 4364 celebrante
577 4315 697 4367 etiamtum
709 4319 868 4369 scribendum
881 4317 937 4377 luit,
947 4318 1024 4380 quod,
1038 4317 1074 4365 uti
1086 4317 1112 4364 in
1124 4317 1187 4366 locis
1199 4315 1323 4366 similibus
