2918 4800
291 289 360 336 nm.
376 291 503 336 xxvm.
533 289 611 336 ose.
628 291 716 336 xvu.
733 291 834 337 xvm.
868 291 964 338 sacr.
981 292 1064 339 aa.
1181 276 1242 340 325

120 466 181 505 nus
204 442 390 528 glutinatur.
418 441 603 507 Haedinum
625 464 751 526 quoque
772 442 944 528 coagulum
966 465 1005 506 ex
1027 454 1115 508 aceto
1140 453 1172 509 et
1194 445 1241 509 fe·
1270 460 1274 469 ’

120 545 243 609 minum
267 544 335 608 eius
358 544 586 608 conbustorum
608 544 688 608 cinis
712 544 857 609 similiter
879 543 998 630 pollere
1021 546 1199 611 traduntur.

163 649 213 709 74.
238 644 358 710 Ulcera
386 656 476 709 sanat
504 646 537 709 in
564 645 652 711 tibiis
674 645 885 730 cruribusque
913 646 1012 732 adipe
1033 649 1161 712 ursinus
1183 648 1241 713 ad·
1256 666 1303 710 241

119 748 219 813 mixta
241 746 377 822 rubrica,
401 768 483 830 quae
505 769 581 811 vero
604 757 736 832 serpunt
757 746 801 811 fel
823 770 983 833 aprunum
1005 770 1077 813 cum
1092 751 1196 814 'resina
1211 762 1243 815 et

119 871 258 926 cerussa,
281 848 483 914 maxillarum
505 847 575 933 apri
590 849 642 912 vel
658 871 751 912 suum
766 849 861 925 einis,
883 848 993 913 fimum
1009 871 1100 914 suum
1116 849 1241 915 inlitum

118 951 249 1028 siceum,
272 949 348 1014 item
371 949 538 1035 caprinum
561 972 601 1014 ex
617 959 707 1015 aceto
724 949 1004 1015 subfervefactum.
1031 947 1147 1015 Cetera
1161 973 1240 1036 pur-

117 1062 236 1140 gantur
258 1062 290 1116 et
312 1051 480 1136 explentur
494 1051 623 1135 butyro,
647 1073 763 1116 cornus
779 1051 900 1117 cervini
916 1051 1021 1116 cinere
1036 1053 1088 1116 vel
1102 1053 1241 1119 medulla

116 1153 215 1232 cervi,
238 1151 310 1218 felle
334 1153 459 1216 taurino
475 1176 548 1218 cum
565 1153 698 1238 cyprino
715 1154 784 1219 oleo
799 1163 855 1218 aut
868 1153 960 1217 irino.
983 1151 1113 1218 Fimum
1127 1177 1240 1219 recens

117 1277 211 1319 suum
240 1255 288 1319 vel
315 1254 485 1320 inveterati
514 1255 619 1318 farina
645 1254 790 1320 inlinitur
813 1253 998 1320 volneribus
1026 1256 1111 1319 ferro
1134 1254 1239 1319 factis.

116 1355 339 1443 Phagedaenis
368 1368 399 1420 et
428 1356 544 1422 fistulis
566 1357 737 1421 inmittitur
759 1358 800 1421 fel
829 1357 911 1421 tauri
940 1379 1013 1421 eum
1044 1377 1121 1420 suco
1150 1356 1238 1440 porri

116 1468 172 1523 aut
192 1460 274 1522 laete
295 1457 465 1523 mulierum
486 1459 537 1523 vel
561 1458 693 1544 sanguis
716 1458 825 1523 aridus
840 1481 912 1523 cum
928 1458 1114 1543 cotyledone
1128 1455 1238 1521 herba.

117 1557 342 1624 Caroincmata
362 1571 453 1623 curat
475 1560 645 1648 coagulum
666 1560 786 1645 leporis
809 1583 881 1625 cum
904 1560 975 1645 pari
996 1559 1138 1644 pondere
1161 1581 1238 1644 cap·
1253 1577 1302 1621 242

114 1661 201 1748 paris
224 1660 413 1747 adspersum
435 1661 519 1739 vinc,
546 1684 748 1748 gangraenas
770 1660 915 1726 ursinum
930 1661 973 1727 fel
987 1661 1086 1747 pinna
1101 1661 1238 1738 inlitum,

114 1762 195 1827 asini
217 1763 412 1847 ungularum
435 1762 515 1827 einis
531 1785 666 1846 eaquae
682 1773 816 1848 serpunt
829 1762 938 1827 ulcera
951 1762 1128 1849 inspersus.
1153 1758 1237 1826 San-

113 1864 188 1951 guis
211 1864 285 1948 equi
307 1863 435 1928 adrodit
457 1864 561 1929 earnis
585 1865 707 1951 septica
730 1864 779 1943 vi,
802 1865 877 1929 item
900 1864 967 1928 fimi
990 1864 1099 1949 equini
1113 1864 1237 1929 invete-

113 1965 175 2029 rati
198 1965 323 2044 favilla,
354 1988 392 2030 ea
420 1988 496 2031 vero
525 1988 608 2050 quae
635 1965 863 2055 phagedaenas
891 1975 1007 2030 vocant
1032 1965 1065 2029 in
1093 1965 1238 2031 ulcerum

113 2089 235 2153 genere
264 2067 330 2132 eori
358 2066 470 2132 bubuli
492 2068 573 2132 einis
588 2090 661 2133 cum
676 2068 779 2133 melle.
806 2064 891 2133 Caro
907 2067 998 2133 vituli
1012 2067 1153 2133 recentia
1167 2069 1236 2133 vol-

114 2190 192 2232 nera
218 2190 283 2232 non
310 2167 434 2254 patitur
460 2169 682 2247 intumescere,
711 2168 821 2234 fimum
848 2168 1004 2234 bubulum
1033 2189 1107 2233 cum
1133 2168 1236 2233 melle.

112 2267 283 2334 Feminam
305 2269 397 2335 vituli
420 2270 500 2335 cinis
524 2270 653 2336 sordida
674 2271 782 2336 ulcera
804 2280 836 2335 et
856 2292 938 2353 quae
958 2268 1107 2334 cacoethe
1122 2278 1298 2334 vocantem

113 2394 130 2434 e
152 2370 234 2437 lacte
256 2370 400 2436 mulieris
423 2382 526 2451 sanat,
549 2373 686 2438 recentis
708 2373 821 2460 plagas
844 2372 929 2438 ferro
944 2371 1060 2436 inlatas
1075 2370 1235 2457 glutinum

112 2472 275 2537 taurinum
301 2473 525 2556 liquefactum,
550 2473 642 2538 tertio
671 2473 723 2538 die
753 2473 901 2539 solutum.
933 2471 1058 2538 Caseus
1087 2471 1236 2556 caprinus

111 2573 216 2639 siccus
239 2596 279 2639 ex
301 2585 391 2640 aceto
413 2598 451 2639 ao
473 2575 565 2640 melle
587 2586 708 2662 purgat
735 2575 859 2653 ulcera,
889 2597 972 2659 quae
999 2597 1076 2639 vero
1105 2583 1236 2659 serpant

111 2675 238 2742 cohibet
260 2676 373 2742 sebum
394 2699 466 2742 cum
489 2700 579 2755 cera,
602 2677 678 2741 item
701 2677 808 2741 addita
830 2677 902 2762 pice
924 2699 962 2742 ac
985 2675 1138 2763 sulphure
1160 2695 1235 2760 per-

112 2790 212 2842 curat.
242 2777 399 2844 Similiter
425 2779 553 2865 proficit
574 2779 614 2843 ad
638 2777 785 2844 cacoethe
812 2778 906 2844 haedi
934 2777 1090 2842 feminum
1113 2776 1235 2842 ciniso

111 3001 153 3034 no.
169 2990 224 3038 167.
240 3003 265 3051 p.
279 2994 336 3038 291.
355 3029 386 3037 -
410 2987 505 3052 capita,
522 2990 584 3039 VR.
604 3029 635 3038 ..
651 2988 779 3052 seminam,
795 2990 893 3039 VR¹d.
913 2986 1041 3050 seminant,
1057 2988 1105 3036 R2.
1125 3027 1156 3035 -
1180 2983 1234 3034 inli-

111 3052 149 3110 tia,
161 3055 195 3102 V.
214 3095 245 3104 -
265 3071 367 3116 cornum,
379 3055 404 3106 d.

145 3123 160 3184 ξ
173 3128 230 3170 240.
254 3121 484 3185 tareni-sanies,
495 3117 576 3173 omitt.
589 3123 656 3173 R'd.
679 3121 759 3183 ireini,
771 3123 804 3171 V.
824 3164 855 3172 -
876 3121 994 3183 iocinoris,
1006 3123 1033 3170 V
1042 3125 1058 3170 ².
1079 3161 1109 3170 ...
1129 3121 1197 3180 nnis,
1210 3122 1233 3169 d.

111 3194 183 3246 utres,
196 3190 245 3238 Ra
264 3188 347 3251 utrius,
359 3190 435 3239 VR‘.
455 3230 486 3239 -
504 3189 624 3248 seminum,
638 3185 666 3238 Θ.

145 3258 229 3319 ξ241.
256 3253 331 3319 adeps
346 3256 448 3319 ursinus,
460 3258 494 3307 V.
520 3256 615 3305 ursinus
632 3255 710 3320 adips,
728 3258 772 3306 3¹.
800 3255 896 3304 ursinus
912 3253 995 3318 adeps,
1011 3257 1082 3306 Bm.
1102 3295 1133 3303 ..
1160 3270 1234 3317 apru-

111 3339 172 3382 num,
185 3324 216 3373 R.
244 3323 373 3385 aprinum,
386 3325 420 3374 V.
446 3339 587 3388 aprugnum,
600 3319 672 3388 ᾶβγ.
693 3365 723 3372 -
748 3330 771 3371 et
781 3320 911 3386 explentur,
924 3324 978 3373 Rd.
1006 3321 1136 3386 explentur,
1148 3324 1182 3373 V.
1201 3363 1232 3372 .-

111 3390 203 3451 ceruici,
217 3392 291 3441 VR'.
312 3432 341 3441 ..
366 3391 486 3456 cypriano,
499 3393 530 3442 T.
549 3432 580 3441 -
603 3390 689 3452 elaad
705 3388 784 3453 (Plin.
797 3391 884 3440 Valet.
898 3396 921 3452 2,
935 3389 989 3454 48.)
1007 3391 1095 3442 Omin.
1112 3383 1232 3440 OVRT.

111 3498 143 3506 ..
170 3466 213 3506 aut
232 3457 306 3520 irino,
326 3458 466 3509 V¹R¹Td
498 3458 611 3519 anittino,
629 3454 657 3508 Θ.
689 3466 711 3506 et
730 3457 833 3519 hircino,
853 3458 952 3510 Plinius
973 3459 1137 3518 Valerianus,
1161 3459 1233 3506 cuius

110 3528 142 3574 ad
160 3527 302 3588 marginem
318 3528 388 3577 varia
404 3528 481 3576 lectio
498 3534 542 3575 out
554 3525 632 3575 lirino
648 3534 687 3576 est
697 3527 833 3591 adscripta.
859 3527 970 3590 outfimo
982 3525 1064 3588 ircino,
1076 3527 1126 3576 V'2.
1155 3532 1233 3573 autem

102 3591 164 3654 sumo
176 3593 258 3655 ircano,
270 3596 319 3645 R2.
347 3602 390 3643 unt
396 3594 459 3657 fimo
471 3593 569 3657 caprino
580 3601 624 3643 out
634 3592 732 3655 hircino,
743 3590 776 3656 sti
794 3609 818 3643 v.
831 3594 922 3644 Ianum
939 3596 996 3644 loco
1009 3608 1086 3657 supra
1102 3595 1134 3643 ad
1145 3595 1161 3657 ᾗ
1174 3597 1232 3642 239.

109 3661 222 3711 laudato.
236 3703 267 3710 ..
280 3660 396 3721 inlinitur,
405 3663 476 3712 R2d.
494 3658 632 3722 inlinuntur,
641 3663 718 3724 VR¹‚
731 3663 800 3725 quod
812 3663 898 3712 neseio
911 3677 945 3712 an
957 3663 990 3712 sit
1001 3677 1101 3724 verum,
1119 3676 1142 3710 v.
1152 3661 1232 3711 Scht-

109 3726 154 3776 ier.
167 3730 200 3777 ad
212 3729 278 3779 Plin.
291 3744 412 3794 panegyr.
426 3731 464 3780 75.
476 3745 502 3794 p.
516 3732 573 3780 697.
586 3729 646 3779 coll.
659 3729 753 3779 melent.
766 3731 821 3780 crit.
833 3745 858 3793 p.
871 3736 911 3780 at.
931 3770 962 3780 ..
978 3744 1060 3792 porro,
1072 3729 1104 3779 R.

145 3793 229 3853 §242
253 3796 323 3859 patri
330 3797 429 3860 pudere,
442 3799 486 3847 3¹.
505 3838 538 3847 -
549 3794 598 3859 fel,
610 3797 635 3847 d.
658 3795 777 3857 univit
795 3838 826 3846 -
842 3796 928 3861 pinno,
944 3790 1002 3846 OR.
1027 3790 1231 3860 pennavdssr.

111 3902 141 3910 ..
161 3863 376 3926 recentia-cinis,
390 3866 471 3915 omitt.
483 3865 550 3915 R¹d.
570 3906 602 3914 ..
617 3864 749 3928 patiuntur,
761 3865 824 3914 VR.

144 3931 235 3993 §m
262 3930 416 3994 Femininum,
429 3933 461 3982 V.
481 3972 512 3982 ..
535 3930 712 3994 vintintvlt.
732 3973 762 3981 ..
786 3939 870 3980 omont
885 3939 908 3979 et
923 3946 935 3979 e
953 3930 1116 3991 laete,VRd.
1137 3972 1167 3981 ..
1190 3946 1230 3979 sa-

110 4003 176 4058 nant,
189 3997 274 4047 VRd.
293 4038 324 4047 -
345 3997 539 4064 ρὶοφαεΝΒᾶ.
565 4016 620 4048 vero
632 3998 730 4064 plagas,
746 3994 798 4064 βγ.
817 4041 848 4049 -
873 3996 968 4060 illitum,
986 4003 1010 4048 d.
1028 4039 1059 4048 ...
1083 3997 1192 4059 solamen,
1206 4000 1229 4049 d.

109 4061 206 4126 solans,
218 4065 252 4115 V.
278 4063 437 4128 santanae
463 4065 590 4130 solut,R¹.
608 4108 640 4118 ..
664 4065 701 4116 uel
714 4065 788 4128 melle,
800 4084 820 4117 r.
841 4107 869 4115 ..
894 4067 1098 4130 serpunt,Dalec.
1118 4107 1149 4116 ..
1167 4066 1229 4126 item,

109 4130 172 4180 VR.
196 4131 264 4194 idem,
277 4135 309 4184 K.
333 4132 409 4196 tidem,
422 4137 445 4185 d.
464 4176 495 4185 ..
512 4135 654 4199 pireneum
665 4134 783 4200 sulphure,
796 4134 828 4184 T.
848 4174 879 4184 -
896 4141 1019 4196 percursa
1038 4134 1161 4185 excidisse
1173 4135 1199 4183 h.
1212 4136 1229 4184 l.

109 4200 323 4320 &dliiryilssiiin
343 4205 527 4265 medicamenti,
549 4205 590 4254 eui
611 4205 656 4268 pix
675 4218 705 4253 ac
727 4202 834 4265 sulphur
853 4203 1013 4252 adderentur.
1033 4243 1063 4253 ..
1089 4200 1167 4265 hoedi,
1180 4203 1232 4253 R²t

135 4282 170 4316 mr
193 4304 199 4317 .
301 4306 307 4319 .
