2918 4800
181 253 244 316 330
404 319 405 322 ,
533 267 736 314 naruannrs
758 266 954 313 rusroruan

179 420 317 498 morbos,
341 419 426 503 quod
449 429 481 484 et
501 417 595 503 pellis
608 417 719 505 lupina
733 428 885 504 praestat.
907 417 1033 482 Dentes
1047 417 1177 501 quidem
1193 439 1303 483 eorum

179 522 320 587 maxumi
342 521 433 604 equis
454 542 581 604 quoque
603 520 767 608 adalligati
795 519 1027 608 infatigabilem
1054 540 1184 584 cursum
1205 541 1301 604 prae-

180 635 262 689 stare
284 622 446 687 dicuntur.
467 621 635 707 Leporum
656 623 791 709 coagulo
814 622 913 689 ubere
933 621 1025 686 inlito
1049 621 1174 686 sistitur
1195 620 1303 686 infan-

178 725 257 790 tium
279 725 377 789 alvos.
398 723 495 788 Iocur
516 722 774 802 asini,admixta
795 722 921 787 modice
948 744 1087 807 panace,
1112 722 1303 789 instillatum
1318 742 1368 785 aaa

177 827 211 891 in
232 849 268 892 os
291 850 310 891 a
332 824 545 913 comitialibus
567 824 686 890 morbis
713 836 746 892 et
773 825 843 890 aliis
868 824 998 889 infantis
1026 834 1151 902 tuetur3
1178 826 1241 891 hoc
1259 849 1304 889 xn

177 927 291 994 diebus
313 926 383 995 fieri
405 927 623 1014 praecipiunt3
647 937 680 992 et
700 926 794 1013 pellis
816 925 899 991 asini
919 925 1037 991 iniecta
1058 913 1228 1012 inpavidos
1250 927 1302 990 in-

177 1031 275 1096 fantis
297 1030 384 1094 facit.
416 1028 540 1094 Dentes
570 1029 625 1112 qui
648 1029 740 1112 equis
765 1028 907 1115 primum
929 1027 1049 1094 cadunt
1070 1028 1197 1093 facilem
1219 1028 1301 1093 den-

176 1131 321 1197 titionem
348 1141 513 1218 praestant
535 1131 698 1218 adalligati
724 1130 917 1209 infantibus,
947 1129 1108 1196 efficacius
1136 1132 1163 1195 si
1186 1142 1304 1195 terram

177 1256 242 1298 non
265 1234 410 1320 attigere.
431 1232 517 1298 Lien
538 1233 679 1298 bubulus
700 1233 734 1296 in
756 1232 849 1298 melle
872 1244 904 1297 et
926 1232 1022 1296 datur
1043 1244 1075 1298 et
1091 1232 1237 1297 inlinitur
1259 1233 1302 1297 ad

178 1336 272 1400 lienis
294 1335 429 1412 dolores,
451 1334 494 1399 ad
515 1334 624 1399 ulcera
644 1335 807 1400 manantia
828 1357 901 1399 cum
922 1335 1025 1401 melle.
1048 1333 1135 1400 Lien
1156 1333 1249 1400 vituli
1268 1333 1303 1398 in
1317 1349 1368 1394 259

178 1437 254 1503 vino
281 1436 432 1502 decoctus
461 1437 619 1521 tritusque
641 1447 674 1502 et
694 1437 804 1501 inlitus
825 1436 991 1502 ulcuscula
1016 1435 1091 1501 oris.
1125 1434 1303 1502 Cerebrum

177 1561 291 1625 caprae
317 1537 404 1624 magi
431 1560 489 1623 per
518 1539 649 1602 anulum
677 1559 811 1602 aureum
839 1547 979 1602 tractum
1007 1536 1099 1622 prius
1129 1559 1226 1621 quam
1251 1538 1303 1603 lac

176 1640 270 1706 detur
296 1640 476 1705 infantibus
505 1639 660 1704 instillant
682 1648 791 1704 cenna
810 1639 980 1704 comitialis
995 1647 1182 1722 ceterosque
1195 1640 1300 1704 infan-

175 1742 254 1807 tium
275 1741 414 1807 morbos.
438 1740 616 1826 Caprinum
636 1741 747 1806 fimum
760 1741 924 1825 inquietos
943 1740 1076 1806 infantis
1091 1740 1301 1829 adalligatum

175 1866 283 1930 panno
304 1844 446 1921 cohibet,
475 1866 626 1908 maxume
646 1831 788 1928 puellas.¹
815 1843 918 1908 Lacte
940 1842 1070 1928 caprino
1091 1852 1149 1908 aut
1169 1844 1301 1909 cerebro

175 1944 321 2031 leporum
341 1956 514 2031 perunctae
536 1945 688 2033 gingivae
710 1944 815 2010 facilis
836 1943 1028 2010 dentitiones
1048 1943 1179 2010 faciunt.

221 2048 271 2111 79.
294 2044 434 2112 Somnos
455 2047 526 2112 fieri
547 2048 656 2133 lepore
679 2057 806 2133 sumpto
826 2047 861 2111 in
879 2046 959 2112 cibis
975 2043 1060 2112 Cato
1074 2045 1300 2124 arbitrabatur,
1315 2059 1366 2104 260

176 2149 291 2236 volgus
318 2160 350 2215 et
376 2149 513 2237 gratiam
542 2149 670 2234 corpori
696 2149 730 2213 in
756 2172 793 2212 rx
815 2148 901 2227 dies,
929 2148 1043 2214 frivolo
1071 2147 1203 2231 quidem
1229 2147 1301 2211 ioco

104 2312 109 2319 ,
179 2251 232 2316 cui
254 2262 359 2316 tamen
382 2250 489 2334 aliqua
511 2250 628 2316 debeat
650 2249 783 2315 subesse
806 2273 905 2314 causa
925 2250 958 2314 iu
980 2259 1067 2314 tanta
1081 2250 1300 2334 persuasione.
1404 2290 1408 2294 -

177 2350 271 2437 Magi
294 2352 367 2416 felle
390 2374 503 2437 caprae
527 2351 724 2416 sacrificatae
747 2353 914 2416 dumtaxat
935 2351 1026 2416 inlito
1047 2350 1147 2416 oculis
1169 2351 1222 2416 vel
1240 2349 1300 2415 sub

174 2453 306 2539 pulvino
327 2454 432 2539 posito
456 2475 602 2518 somnum
623 2454 720 2518 adlici
742 2453 863 2518 dicunt.
886 2450 1029 2518 Sudores
1044 2452 1167 2518 inhibet
1182 2474 1299 2517 cornus

174 2554 297 2639 caprini
319 2553 400 2618 cinis
421 2577 462 2619 ex
483 2565 608 2638 myrteo
628 2555 698 2620 oleo
719 2555 893 2641 perunctis.

217 2657 269 2720 80.
293 2653 408 2744 Coitus
437 2655 580 2720 stimulat
609 2656 653 2721 fel
679 2679 838 2743 aprunum
864 2655 1006 2734 inlitum,
1036 2656 1114 2720 item
1140 2654 1300 2718 medullae
1315 2669 1363 2715 261

176 2779 270 2822 suum
297 2756 449 2835 haustae,
479 2757 592 2822 sebum
619 2758 780 2823 asininum
806 2758 929 2823 anseris
957 2757 1092 2823 masculi
1118 2755 1214 2842 adipe
1240 2755 1299 2819 ad-

208 2964 313 3021 morbae,
325 2966 359 3015 V.
375 3006 405 3014 ..
424 2965 537 3026 maxime,
550 2966 583 3016 V.
602 3007 634 3016 ..
651 2981 756 3028 cursum,
769 2967 823 3017 Rd.
849 2981 956 3026 currem,
968 2966 1002 3015 V.
1020 2964 1115 3026 dream,
1130 2957 1158 3013 θ.
1180 3003 1209 3012 ..
1229 2963 1300 3010 ubere

174 3030 249 3092 inlito,
261 3034 324 3083 VR.
343 3032 404 3081 illito
422 3034 499 3093 ubere,
514 3029 586 3098 (lssr.

208 3099 294 3160 §258.
318 3099 417 3163 modica,
429 3103 462 3152 K.
481 3143 513 3151 -
531 3099 679 3163 instillatum,
690 3101 757 3151 R'd.
776 3142 807 3151 ..
828 3098 909 3164 pelles,
920 3102 954 3151 V.
975 3141 1006 3150 -
1024 3100 1096 3162 atini,
1112 3090 1223 3150 OVRd.
1246 3097 1297 3146 asi-

174 3168 239 3226 nina,
251 3163 280 3228 β,
299 3210 330 3217 ..
353 3167 484 3235 adalligati
498 3168 637 3233 §gentibue
650 3170 754 3220 VR2d.
780 3167 1138 3234 adalttqarusinsantitm,1a¹.
1164 3165 1298 3232 infantibus

174 3234 311 3300 adalligati,
327 3231 378 3302 βγ.
403 3279 434 3287 ,.
462 3237 569 3302 attr'pere,
587 3241 618 3289 R.
645 3238 815 3302 attingerav.
842 3235 971 3301 attigerint,
988 3239 1013 3287 d.
1033 3277 1064 3286 ..
1089 3243 1112 3285 et
1128 3233 1297 3296 datur‚VR¹.

176 3302 256 3364 datur,
273 3299 331 3354 θΤ.
350 3303 438 3367 edetur,
451 3304 500 3356 Re
518 3304 604 3365 editur,
617 3301 690 3371 ᾶβγ.

209 3369 224 3431 §
237 3377 294 3421 259.
318 3370 353 3421 ad
362 3371 490 3434 obturate,
501 3374 534 3422 K
558 3373 609 3434 Qui
625 3375 693 3423 hanc
709 3373 881 3422 coniecturam
892 3373 1009 3436 protulit,
1026 3378 1095 3422 recte
1106 3371 1208 3435 quidem
1220 3370 1300 3419 sensit

174 3439 286 3489 Plinium
304 3441 348 3500 ita,
364 3443 401 3490 uti
419 3441 497 3502 vulgo
515 3441 615 3504 legitur,
633 3441 740 3492 scribere
756 3455 811 3490 non
826 3441 948 3503 potuisse,
965 3455 1052 3489 verum
1070 3440 1106 3488 ita
1123 3454 1162 3489 res
1174 3452 1228 3487 non
1240 3452 1300 3486 con·

174 3507 264 3569 ficitur,
282 3511 325 3557 sed
342 3510 415 3557 ulcus
432 3509 507 3558 altius
523 3511 600 3559 sedet
625 3508 693 3559 Nam
710 3509 787 3558 etiarn
803 3509 830 3556 in
844 3509 962 3572 proxime
978 3507 1131 3571 praegressis
1146 3506 1228 3556 verbis
1244 3520 1299 3554 cor-

174 3576 276 3637 ruptela
293 3577 364 3625 latet.
383 3576 451 3636 Quid
468 3577 536 3625 enim
552 3576 703 3627 discriminis
714 3583 753 3626 est
763 3577 829 3625 inter
840 3578 916 3625 verba
930 3573 976 3624 lan
988 3573 1085 3624 bubulus
1096 3574 1121 3622 ia
1132 3572 1199 3622 mella
1210 3581 1236 3622 et
1247 3587 1300 3620 cum

175 3641 241 3692 melle
258 3641 330 3691 detur
344 3650 367 3691 et
382 3642 501 3694 illinitur?
527 3645 595 3694 Hinc
612 3651 696 3695 totum
713 3644 798 3694 locum
814 3651 840 3693 et
856 3643 1000 3693 mutilatum
1017 3651 1042 3692 et
1057 3641 1231 3706 perturbatum
1244 3654 1299 3692 esse

175 3725 297 3773 agnosces
314 3718 339 3760 et
355 3727 370 3759 a
387 3712 469 3761 verbis
486 3727 538 3759 cum
555 3710 622 3760 melle
638 3727 718 3776 usque
730 3712 762 3762 ad
774 3709 895 3760 aberrata
906 3710 955 3760 ‹m's
965 3711 1091 3760 nonnulla
1102 3710 1244 3760 exciderint
1254 3722 1299 3758 ne·

176 3793 244 3830 cesse
257 3787 302 3838 est,
320 3794 385 3907 qupe
401 3794 477 3829 nemo
495 3780 614 3843 supplere
630 3787 722 3843 potest.
740 3819 772 3829 ..
792 3786 900 3840 tractum,
915 3772 944 3828 θ.
971 3777 1086 3840 bachum,
1098 3779 1132 3828 V.
1161 3784 1260 3837 trucem,
1273 3777 1298 3825 d.

177 3846 343 3907 traiectum,R
391 3883 398 3896 .

210 3916 294 3977 5260.
321 3861 464 3976 Sombiosoa
480 3915 633 3965 BatheaK
651 3955 683 3965 ..
707 3913 826 3977 incidam,
839 3915 870 3965 Τ.
889 3954 920 3964 ..
947 3910 1006 3963 Oete
1023 3914 1091 3978 apud
1107 3914 1261 3964 Diomedem
1277 3917 1299 3960 l.

176 3996 201 4044 p.
214 3987 271 4031 358.
285 3983 324 4031 ed.
336 3983 452 4033 Person:
469 3983 552 4045 „Oete
564 3985 596 4033 ad
607 3981 689 4032 filium
700 3983 742 4033 vel
753 3983 785 4032 de
797 3990 909 4033 oratore:
921 3983 994 4046 lepus
1005 3983 1116 4033 multum
1130 3981 1214 4032 somni
1225 3978 1300 4030 affert

177 4050 220 4112 qui
232 4049 306 4099 illum
318 4051 394 4100 edit”
408 4092 438 4100 ..
454 4050 625 4112 arbitrabatur,
638 4042 780 4101 OVRTd.
798 4049 939 4112 arbitratur,
950 4044 1001 4114 βγ.
1014 4090 1046 4100 ..
1059 4064 1147 4110 noran,
1161 4040 1299 4097 OVR'I'd.

176 4124 270 4180 septem,
285 4113 315 4178 β.
335 4159 366 4167 ..
389 4119 447 4178 ioco,
463 4119 568 4169 Barbar.
581 4119 635 4169 Rd.
662 4117 782 4181 leco,V².
810 4117 928 4180 luco,V¹.
946 4159 976 4168 ..
994 4115 1058 4179 felle
1073 4130 1170 4180 caprae,
1187 4117 1236 4167 R2.
1259 4112 1301 4174 sel
1406 4156 1412 4161 .

176 4200 272 4247 caprae,
285 4187 308 4235 d.
319 4185 367 4249 sel,
379 4187 455 4236 VR¹.
475 4227 505 4236 ..
524 4203 561 4248 err,
575 4189 599 4236 d.
617 4195 647 4248 et,
661 4188 721 4238 VR.
740 4201 759 4248 e,
770 4181 821 4252 βγ.

211 4255 225 4315 ξ
238 4257 295 4303 261.
314 4269 438 4317 aprunum,
451 4257 481 4306 R.
501 4254 618 4318 aprinum,
632 4257 655 4305 d.
674 4270 814 4320 aprugnum,
827 4251 907 4319 Vssr.
923 4294 954 4304 ..
972 4269 1047 4314 suum,
1059 4253 1111 4303 Rd.
1130 4250 1207 4314 sirim,
1219 4252 1253 4301 V.
1267 4292 1298 4299 -
