2918 4800
189 286 230 348 24
540 298 746 345 carusius
767 297 964 346 moronus

230 452 282 517 40.
310 448 515 518 Oenauthino
540 450 626 515 idem
653 449 788 515 effectus
812 449 870 533 qui
902 471 1053 528 rosaceo,
1088 450 1175 514 omni
1206 461 1361 517 autemeo

189 553 259 619 oleo
286 551 426 618 mollitur
453 573 585 638 corpus,
619 550 764 639 vigorem
791 562 825 614 et
851 549 951 615 robur
982 550 1115 637 accipit3
1149 551 1314 627 stomacho

188 653 383 722 contrarium
408 667 505 740 auget
533 663 565 719 et
589 653 734 718 ulcerum
765 652 978 730 incrementa,
1008 652 1113 718 ianus
1144 663 1317 739 exasperat

189 768 224 822 et
249 776 374 822 venena
400 754 509 820 omnia
534 753 682 832 hebetat,
714 744 895 839 praecipue*
915 753 1060 838 psimithi
1092 766 1125 820 et
1151 754 1251 842 gypsi
1279 755 1316 820 in

94 928 103 934 ,
189 878 273 943 equa
293 856 398 922 mulsa
417 867 474 921 aut
494 856 630 921 ficorum
651 854 809 920 siccarum
831 854 961 919 decocto
976 865 1099 939 potum,
1121 867 1234 920 contra
1244 876 1315 920 me·

188 959 314 1025 conium
329 981 372 1024 cx
385 980 481 1041 aqua,
504 968 615 1023 contra
629 955 841 1034 cantharidas,
857 955 1046 1041 buprestim,
1069 955 1313 1033 salamandram,

188 1061 427 1148 pityocampas3
449 1081 509 1145 per
531 1079 566 1123 se
588 1068 701 1144 potum
721 1057 947 1142 redditumque
961 1056 1190 1123 vomitionibus
1202 1068 1314 1123 contra

188 1163 297 1229 omnia
319 1184 417 1248 supra
438 1161 524 1226 dicta
544 1159 797 1224 laudatissimum
822 1159 1049 1225 lassitudinum
1077 1169 1110 1224 et
1130 1159 1315 1246 perfrictio-

188 1285 267 1328 num
288 1262 420 1329 relectio
433 1273 492 1328 cst
515 1261 669 1327 Termine
683 1261 821 1326 calidum
843 1271 954 1347 potum
975 1260 1101 1345 cyathis
1122 1283 1179 1326 sex
1192 1261 1314 1346 magis-
1327 1282 1359 1328 ar

189 1385 253 1449 que
274 1373 347 1429 ruta
374 1364 469 1430 simul
497 1363 629 1430 decocta
648 1361 755 1449 pellit,
781 1363 859 1428 item
887 1362 1009 1428 ventris
1029 1363 1192 1440 animalia3
1222 1363 1317 1429 solvit

189 1465 294 1532 alvom
315 1467 461 1532 heminae
482 1487 633 1532 mensura
654 1487 728 1530 cum
749 1463 825 1530 vino
847 1476 879 1530 et
900 1465 1004 1529 calida
1024 1487 1108 1549 aqua
1126 1475 1238 1551 potum
1257 1475 1316 1531 aut

190 1567 314 1634 tisanae
349 1589 447 1648 suco;
480 1565 670 1634 volnerariis
703 1565 885 1652 emplastris
916 1567 1008 1644 utile,
1041 1567 1156 1632 faciem
1180 1577 1315 1653 purgat

192 1666 308 1734 Bubus
333 1668 475 1736 infusum
503 1691 563 1754 per
593 1667 682 1739 naris
709 1668 811 1733 donec
837 1679 963 1733 ructent
990 1668 1185 1733 inflationem
1213 1667 1316 1733 sedat.

192 1767 298 1836 Vetus
319 1781 427 1836 autem
448 1769 553 1859 magis
574 1768 740 1835 excalfacit
762 1791 896 1856 corpora
917 1770 1085 1858 magisque
1107 1770 1238 1835 discutit
1260 1791 1315 1834 su·
1328 1787 1362 1833 aa

192 1869 297 1949 dores,
319 1870 455 1937 duritias
476 1869 581 1959 magis
603 1868 766 1948 diffundit,
788 1869 975 1956 lethargicis
989 1870 1145 1936 auxiliare
1168 1881 1201 1935 et
1220 1870 1315 1935 incli-

192 1983 268 2039 nato
297 1971 430 2051 morbo;
473 1973 638 2038 oculorum
668 1971 804 2037 claritati
839 1973 961 2038 confert
992 1972 1113 2057 aliquid
1146 1995 1220 2036 cum
1246 1972 1318 2057 pari

192 2073 339 2162 portione
359 2073 463 2141 mellis
485 2073 609 2160 scaan
633 2070 761 2160 Capitis
776 2072 941 2138 doloribus
955 2074 1134 2139 remedium
1155 2084 1215 2153 est,
1237 2074 1317 2140 item

192 2175 361 2243 ardoribus
383 2176 417 2241 in
437 2175 520 2242 febri
541 2197 615 2241 cum
636 2196 721 2259 aqua
727 2198 736 2253 ;
760 2175 788 2240 si
809 2176 928 2241 vetusti
949 2198 1015 2242 non
1036 2177 1078 2242 sit
1099 2177 1235 2256 occasio,
1257 2178 1316 2243 de-

193 2278 344 2362 coquitur
365 2289 402 2343 ut
423 2287 617 2343 vetustatem
637 2287 865 2364 repraesentet.

235 2381 288 2444 41.
323 2377 443 2445 Oleum
472 2378 611 2444 cicinum
631 2377 754 2443 bibitur
782 2380 824 2444 ad
851 2380 1062 2468 purgationes
1090 2379 1213 2446 ventris
1244 2396 1365 2445 cumae

193 2481 264 2569 pari
293 2480 404 2547 caldae
430 2501 595 2556 mensura3
623 2480 776 2566 privatim
804 2481 921 2547 dicitur
945 2503 1088 2569 purgare
1113 2482 1318 2568 praecordia3

193 2580 328 2667 prodest
350 2591 382 2646 et
403 2579 609 2650 articulorum
630 2582 762 2662 morbis,
784 2583 911 2650 duritiis
932 2583 1093 2662 omnibus,
1116 2583 1230 2663 volvis,
1260 2606 1319 2648 au-

194 2682 295 2761 ribus,
317 2681 484 2761 ambustis,
511 2704 584 2750 cum
611 2683 718 2750 cinere
745 2707 822 2751 vero
852 2685 1012 2751 muricum
1033 2685 1119 2752 sedis
1140 2685 1320 2750 inflamma·

194 2782 347 2864 tionibus,
373 2783 451 2852 item
472 2807 603 2871 psorae;
632 2785 769 2852 colorem
790 2786 872 2852 cutis
894 2787 1085 2853 conmendat
1105 2787 1320 2875 capillumque

195 2884 290 2952 fertili
316 2896 433 2952 nature
455 2897 575 2953 evocat.
612 2884 740 2968 Semen,
767 2911 810 2954 ex
833 2910 896 2973 quo
917 2889 964 2968 fit,
994 2890 1083 2955 nulla
1105 2890 1249 2955 animans
1271 2898 1319 2954 at·
1332 2903 1366 2948 st

197 2985 309 3075 tingitr
341 2986 501 3075 ellychnia
527 3012 567 3056 ex
589 3013 653 3055 uva
673 2989 755 3059 fiunt
776 2990 928 3058 claritatis
950 2991 1152 3089 praecipuae,
1182 3014 1224 3058 ex
1251 2990 1320 3058 oleo

231 3197 299 3262 980.
318 3193 387 3260 idem,
404 3195 481 3248 Vad.
506 3195 567 3247 idem
584 3203 625 3260 est,
640 3193 693 3261 βγ.
717 3239 748 3248 -
777 3214 850 3260 omne,
869 3215 892 3249 a.
915 3199 957 3250 De
972 3215 1000 3250 rc
1015 3215 1039 3250 v.
1055 3199 1173 3251 Dioscor.
1188 3204 1210 3259 1,
1223 3205 1264 3250 30.
1287 3238 1320 3249 .-

196 3270 268 3329 aupet
280 3270 309 3327 et,
323 3266 376 3316 Va.
394 3272 472 3331 capet,
486 3260 558 3330 ἀβγ.
578 3305 609 3315 ..
628 3273 797 3330 parpamema
809 3267 859 3317 K¹.
877 3275 1031 3330 aucmenta,
1043 3269 1093 3319 K².
1112 3309 1144 3318 ..
1166 3282 1262 3328 venenu,
1274 3267 1321 3316 Va

93 3328 116 3359 ⁸·
197 3328 284 3395 (codd.
297 3330 367 3395 Gal.)
378 3341 501 3394 venenata,
513 3334 604 3384 Td...
612 3332 765 3397 psimithiv.
775 3333 929 3400 psimmythir',
942 3331 1033 3401 adssr.
1043 3375 1070 3384 -
1084 3333 1209 3396 mosomus,
1222 3335 1277 3385 vu.
1288 3373 1320 3384 -

197 3405 281 3449 eontra
292 3400 418 3450 meconium
429 3417 459 3450 ea
471 3416 549 3464 uqua3
565 3402 631 3452 hacc
643 3410 668 3452 et
680 3418 745 3466 quae
757 3411 897 3467 sequuntur
907 3405 985 3454 verba
996 3419 1048 3454 non
1060 3403 1163 3464 hebent,
1176 3404 1245 3453 unde
1256 3417 1320 3466 pen·
1337 3397 1339 3401 ’

198 3469 281 3519 deant.
299 3469 363 3520 Post
374 3483 461 3519 vocem
474 3468 600 3518 meconium
611 3470 706 3521 excidit
717 3469 786 3532 utile,
803 3485 854 3535 quo
870 3471 994 3522 adiectivo
1006 3473 1033 3521 in
1044 3471 1084 3521 his
1096 3472 1167 3521 libris
1178 3471 1321 3521 sexcenties

197 3534 234 3586 lte
246 3534 324 3587 utitur
336 3536 403 3588 Plin.
416 3575 447 3585 ..
458 3535 487 3584 bu
504 3536 608 3599 raestim,
620 3538 654 3587 V.
666 3579 697 3588 ..
716 3535 907 3600 salamandram,
920 3539 956 3589 ita
967 3540 1180 3603 conscripsimus.
1197 3536 1321 3587 salaman-

199 3600 253 3664 dra,
266 3603 342 3655 Vati.
360 3600 471 3656 sobmon
489 3619 538 3666 ras,
549 3599 600 3670 βγ.
624 3643 655 3653 -
677 3612 766 3668 potum,
777 3606 884 3656 Barbar.
903 3603 981 3667 lomus,
998 3607 1074 3656 Vsd.
1099 3645 1130 3655 ..
1153 3621 1237 3670 supra
1253 3601 1320 3657 Piut

201 3708 231 3721 ..
250 3669 336 3730 cmrria,
352 3672 429 3722 Vad.
451 3671 556 3733 marina,
572 3673 605 3723 K.
630 3713 662 3722 -
686 3668 883 3734 ὶααᾶαίὺείνκιιω,
900 3673 982 3722 omitt.
999 3673 1127 3737 VTadr.
1149 3673 1187 3724 At
1205 3673 1322 3724 revocavi

199 3751 248 3856 ppo
261 3752 293 3789 ox
305 3733 327 3800 β
338 3739 389 3790 hoc
402 3740 553 3790 adiectivum
564 3754 668 3804 prorsus
679 3741 834 3800 minianum,
853 3743 922 3803 qnod
937 3741 988 3789 hoc
1003 3739 1061 3790 loco
1073 3741 1155 3791 omitti
1168 3756 1220 3791 non
1231 3741 1321 3806 possit

225 3804 255 3855 iri
268 3807 334 3857 enlm
347 3808 426 3869 adest,
438 3808 593 3872 praepositio
606 3814 688 3856 corma
696 3821 749 3856 nou
762 3807 845 3866 habet,
855 3809 923 3857 unde
930 3810 1048 3872 pendeat,
1058 3810 1129 3871 quod
1137 3810 1247 3859 sentiens
1253 3810 1321 3860 Pint

200 3870 281 3922 altero
299 3873 358 3924 loco
374 3889 449 3938 supra
466 3873 583 3936 coniecit,
604 3875 631 3924 id
648 3875 732 3925 minus
749 3880 825 3935 reete,
847 3890 924 3938 quam
945 3877 1015 3939 quod
1031 3877 1110 3926 verbe
1125 3878 1211 3927 statim
1228 3875 1321 3941 posita,

200 3940 268 3990 unde
279 3940 357 4005 vulgo
369 3955 435 3992 nova
446 3943 565 4006 periodus
577 3941 721 4006 incipiebat,
733 3942 904 4006 superioribus
913 3944 1042 4008 aptissime
1051 3946 1182 3995 annexuit.
1192 3945 1321 3996 Omissum

200 4021 260 4058 raro
273 4016 311 4059 cst
322 4006 385 4059 illud
397 4009 548 4061 adtectivum
559 4016 663 4088 propter
679 4009 797 4061 viciniam
813 4010 882 4062 vocis
899 4011 1035 4075 sequentis.
1057 4051 1089 4062 ..
1113 4010 1285 4071 lmsitadiuum
1298 4024 1321 4060 a.

201 4071 371 4136 beatudinem,
384 4076 439 4126 Vd.
457 4074 493 4126 Et
504 4074 677 4138 iassstadiaum
688 4071 710 4138 β
714 4092 739 4141 γ.
759 4117 790 4129 ..
808 4085 831 4128 et
839 4077 1028 4143 persm'ctt'ouum,
1039 4079 1087 4131 Va
1095 4082 1136 4130 ²d.
1153 4086 1177 4128 et
1185 4076 1321 4143 perfricat-

201 4156 260 4204 nrm,
272 4144 309 4194 α’.
325 4141 557 4208 peffrutiouumque,
568 4139 620 4222 βῙ.

235 4207 304 4271 iti.
326 4206 422 4259 dmocte
438 4208 521 4272 sedum
538 4209 608 4274 pella
623 4209 685 4272 item,
702 4211 735 4264 Ic
760 4252 791 4266 ..
814 4221 858 4265 aut
874 4213 974 4278 tisanae,
990 4217 1035 4267 td.
1056 4212 1119 4265 uuiti
1132 4227 1215 4275 sanae,
1226 4211 1261 4264 V.
1279 4219 1322 4263 aut

199 4276 319 4345 putatae,
330 4271 381 4342 βγ.
402 4317 432 4329 ..
452 4275 588 4340 miserata,
601 4278 625 4328 d.
643 4317 675 4330 -
694 4286 818 4344 reptata.
836 4280 972 4345 rictmt,T.
989 4281 1134 4346 rs'ctetVd.
