2918 4800
418 273 489 319 aru.
504 273 620 319 xuuu.
651 270 728 319 oar.
745 272 820 318 run.
852 270 951 318 sacr.
968 271 1010 314 uo.
1217 255 1277 318 103

156 422 239 488 rimo
260 433 349 488 aceto
370 422 411 487 ad
431 421 546 509 lepras.
583 420 722 486 Damion
751 444 858 487 semen
880 421 946 486 feni
969 418 1129 485 acetabuli
1153 420 1276 487 dimidii
1294 438 1340 484 rer

157 546 307 590 mensura
329 547 402 590 cum
424 547 519 610 sapae
542 533 573 590 et
594 545 695 607 aquae
718 545 833 588 novem
852 522 976 609 cyathis
991 522 1032 586 ad
1047 544 1175 587 menses
1190 522 1278 587 cien-

157 627 217 692 dos
246 625 336 690 dedit
360 636 448 713 potu,
477 648 537 691 nec
569 625 732 690 dubitatur
759 625 836 709 quin
865 624 1032 690 decoctum
1054 625 1123 688 cius
1145 623 1278 688 utilissi-

157 750 244 792 mum
274 727 315 792 sit
343 727 445 793 volvis
466 727 699 810 interaneisque
727 726 917 791 exulceratis
944 725 1037 791 sicuti
1065 747 1174 791 semen
1201 725 1278 789 arti-

157 828 238 894 culis
252 838 348 912 atque
362 829 569 913 praecordiis.
594 826 631 892 Si
647 850 724 893 vero
740 850 813 892 cum
828 827 932 892 malva
946 826 1153 912 decoquatur,
1169 837 1280 912 postea

156 928 266 994 addito
287 929 389 994 mulso
411 941 522 1017 potum
537 941 611 994 ante
626 938 732 995 cetera
751 927 853 994 volvis
867 927 1104 1012 interaneisque
1118 927 1278 1006 laudatur,

157 1084 197 1092 -
219 1029 341 1116 quippe
363 1053 437 1096 cum
465 1054 564 1117 vapor
589 1051 717 1114 quoque
746 1028 866 1095 decocti
896 1030 1082 1114 plurumum
1104 1029 1215 1115 prosit,
1239 1084 1280 1093 -

156 1129 342 1216 alarumque
357 1133 453 1198 etiam
467 1132 718 1219 graveolentiam
732 1134 899 1197 decoctum
915 1130 980 1197 feni
997 1153 1105 1196 semen
1120 1129 1278 1194 emendat.

155 1230 276 1297 Farina
296 1233 478 1323 porrigines
501 1234 616 1320 capitis
637 1233 840 1319 imfuresque
868 1256 943 1299 cum
969 1232 1043 1299 vino
1065 1241 1097 1298 et
1119 1232 1203 1295 nitro
1226 1253 1278 1295 ce·
1295 1247 1342 1291 ras

156 1333 266 1399 loriter
292 1335 384 1414 tollit,
414 1334 448 1400 in
474 1334 684 1420 hydromelite
711 1345 818 1401 autem
847 1335 979 1400 decocta
1007 1332 1116 1398 addita
1138 1331 1280 1418 axungia

156 1435 350 1521 genitalibus
377 1436 538 1515 medetur,
573 1436 651 1505 item
677 1459 779 1524 pano,
814 1435 969 1524 parotidi,
998 1435 1180 1521 podagrae,
1211 1434 1279 1499 chi-

156 1559 282 1623 ragrae,
304 1537 447 1604 articulis
462 1536 675 1622 carnibusque
696 1559 779 1621 quae
795 1539 951 1604 recedunt
968 1537 1009 1603 ab
1024 1538 1163 1615 ossibus,
1188 1548 1278 1601 aceto

155 1660 232 1704 vero
259 1636 393 1704 subacta
417 1639 536 1704 luxatis
543 1663 552 1715 3
580 1639 726 1704 inlinitur
752 1651 784 1704 et
808 1640 884 1705 lieni
911 1641 1044 1706 decocta
1071 1640 1104 1702 in
1133 1648 1222 1702 aceto
1248 1650 1280 1703 et

155 1739 248 1805 melle
270 1750 404 1818 tantum,
428 1739 642 1806 carcinomata
664 1739 796 1804 subacta
819 1762 859 1805 ex
881 1741 956 1805 vino
971 1750 1099 1827 purgat,
1121 1762 1198 1805 mox
1220 1739 1278 1803 ad-

155 1839 224 1905 dito
245 1840 339 1906 melle
360 1851 521 1927 persanat.
559 1837 706 1907 Sumitur
728 1851 761 1906 et
775 1840 915 1933 ‚sorbitio
937 1863 955 1906 e
976 1842 1081 1905 farina
1102 1841 1143 1905 ad
1167 1851 1279 1925 pectus

155 1942 375 2007 exulceratum
394 1942 589 2028 longamque
611 1942 740 2018 tussim3
762 1941 819 2007 diu
841 1941 1042 2026 decoquitur,
1064 1941 1166 2007 donec
1188 1963 1276 2006 ama-

154 2043 262 2108 ritudo
284 2043 422 2123 desinat,
450 2055 564 2131 postea
584 2043 647 2109 mel
668 2043 806 2109 additur.
842 2042 937 2108 Nunc
958 2044 1031 2130 ipsa
1053 2043 1183 2107 claritas
1204 2041 1278 2106 her-

155 2141 270 2211 barum
292 2143 425 2211 dicetur.

156 2334 211 2384 Vd.
234 2333 393 2400 proscipiens,
408 2331 438 2398 β.
463 2377 494 2385 -
513 2337 583 2400 seno,
599 2325 730 2385 Ovrad.
749 2336 825 2398 foeno
839 2334 941 2398 Graeco,
957 2330 986 2396 β.
1011 2375 1042 2385 ..
1066 2341 1179 2399 purgato,
1192 2334 1226 2385 V.
1246 2375 1276 2384 .-

156 2401 267 2462 saturei,
279 2404 313 2453 V.
332 2443 364 2454 ..
385 2401 518 2468 odlepras‚
531 2406 585 2455 Vd.
609 2400 698 2466 lepras,
711 2419 733 2454 a.

189 2471 280 2535 5¹⁸⁷·
305 2470 419 2534 Damon,
441 2473 514 2522 codd.
531 2473 620 2523 indicis
635 2471 693 2521 libri
708 2478 730 2522 l.
761 2470 852 2533 Timon,
873 2462 1002 2522 evron.
1031 2469 1137 2531 Damon,
1157 2470 1237 2520 Hard.
1252 2483 1277 2533 γ.

156 2579 189 2588 ..
214 2537 368 2602 semenseni,
389 2531 519 2590 ovrad.
541 2539 599 2605 seni
618 2537 708 2589 Graeci
724 2555 809 2601 semea,
828 2534 858 2600 β,
885 2580 917 2589 -
947 2536 1053 2601 dimidii,
1074 2539 1182 2589 VTad.
1209 2536 1277 2586 dimi·

156 2604 208 2669 dia,
223 2601 253 2666 β.
275 2648 307 2657 ...
334 2604 483 2668 admoneas,
499 2609 533 2658 V.
559 2606 595 2656 od
609 2622 693 2669 meam,
709 2608 733 2657 d.
762 2623 846 2669 maaca,
865 2624 887 2658 a.
912 2649 944 2656 -
968 2614 1035 2670 potu,
1052 2607 1104 2656 Va.
1132 2605 1207 2670 potui,
1227 2598 1277 2657 ed.

157 2713 189 2725 ..
217 2673 413 2738 manetque,
430 2676 457 2725 V
476 2676 514 2724 uti
533 2676 620 2726 statim
639 2674 712 2726 infra.
739 2716 771 2725 ..
803 2682 873 2738 atquc
892 2672 1055 2738 praecordiis,
1076 2674 1131 2725 Va.
1163 2689 1277 2738 praecor·

156 2740 256 2804 dieque,
271 2736 300 2803 β.
325 2782 357 2792 ..
379 2749 474 2806 potum,
494 2743 531 2793 ita
546 2759 594 2793 nos
611 2744 764 2808 scripsimus.
787 2751 865 2806 potua,
880 2737 1005 2807 Vadssr.
1031 2742 1176 2793 Masculino
1192 2743 1278 2806 generi

155 2810 242 2860 nullus
257 2825 360 2873 prorsas
377 2819 416 2861 est
430 2811 509 2873 locus,
527 2826 585 2861 cum
601 2826 654 2860 nou
669 2812 718 2861 nisi
734 2813 765 2860 do
781 2810 841 2860 leno
854 2810 894 2860 vel
906 2811 937 2860 de
949 2811 1003 2861 eius
1019 2812 1114 2860 semino
1126 2825 1210 2861 sermo
1223 2824 1279 2861 osse

155 2878 244 2942 possit.
270 2878 311 2928 De
327 2878 485 2929 substantivo
497 2885 575 2942 potus,
593 2880 663 2943 quod
679 2894 739 2929 sane
755 2879 814 2929 alibi
829 2879 932 2943 legitur,
949 2881 987 2929 uti
999 2877 1014 2940 ᾗ
1027 2883 1076 2940 28.,
1095 2880 1147 2928 hoc
1163 2879 1222 2928 loco
1234 2880 1278 2928 vix

156 2946 261 3008 cogites.
281 2986 308 2994 -
330 2941 584 3011 laudatar-quoque,
600 2963 651 2997 om.
663 2963 686 2997 a.
706 2988 737 2996 -
759 2946 847 3010 quippe
858 2946 1040 3012 cum-prosit
1059 2948 1123 2997 haec
1134 2962 1173 2996 vr.
1186 2962 1277 3012 paren-

156 3014 249 3063 thetica
265 3020 325 3063 sunt
340 3015 471 3075 sumenda,
488 3015 523 3064 ita
539 3021 567 3064 ut
582 3015 656 3065 unice
672 3017 705 3065 ad
720 3015 851 3080 superiora
861 3015 1010 3066 referantur.
1033 3015 1145 3079 Flagitat
1157 3017 1207 3064 hoc
1220 3030 1278 3065 oum

156 3080 325 3131 conformatio
342 3082 421 3133 totius
437 3083 497 3144 loci,
516 3084 575 3146 qnia
590 3084 667 3133 verba
682 3080 821 3146 alarumque
837 3081 945 3132 emendat
955 3098 1008 3133 nou
1019 3084 1130 3147 amplius
1142 3084 1173 3133 de
1186 3084 1278 3134 intera·

156 3149 211 3199 ucis
221 3149 315 3208 valent,
332 3155 386 3199 tum
398 3150 462 3199 ratio
475 3151 608 3201 modorum
620 3149 734 3200 laudatar
745 3159 770 3201 et
781 3148 896 3214 mandat,
913 3152 1005 3215 quibus
1017 3151 1192 3201 coniunctivae
1201 3150 1279 3214 prosit

156 3231 202 3280 per
216 3215 379 3280 parenthesin
396 3225 434 3267 est
451 3218 603 3269 interiectus.
621 3259 653 3268 ..
669 3218 728 3283 seni
741 3234 817 3267 semen
834 3217 949 3278 emendat,
966 3219 1003 3268 ita
1018 3234 1066 3269 nos
1081 3217 1226 3282 scripsimus
1245 3232 1279 3268 ax

156 3284 269 3346 vestigiis
285 3285 400 3335 codicum
416 3294 442 3335 et
459 3285 582 3349 scriptura
598 3281 620 3347 β
631 3287 696 3337 inter
713 3301 740 3337 sc
757 3287 915 3351 comparatis.
934 3284 1022 3350 saenis
1037 3282 1152 3344 emendat,
1168 3285 1202 3334 V.
1222 3283 1280 3346 feni

156 3367 232 3400 men
243 3348 293 3412 dot,
305 3351 412 3468 ascani
418 3350 535 3432 cnrmdoi,
551 3346 651 3431 O'l'dy.
662 3353 736 3416 sceui
747 3351 838 3403 Graeci
846 3369 923 3402 remen
935 3350 1049 3414 emendor,
1061 3348 1090 3416 β.
1176 3418 1183 3430 .

190 3417 205 3479 5
219 3424 276 3470 188.
293 3416 324 3484 lay
341 3419 456 3482 romaldo,
465 3421 498 3471 V.
512 3462 542 3470 ..
562 3418 671 3485 diopros,
683 3437 706 3471 a
720 3461 751 3470 ..
770 3436 838 3484 quoe,
849 3422 873 3469 d.
886 3421 975 3472 Omltt.
985 3422 1040 3473 Va.
1056 3463 1088 3471 ..
1106 3420 1221 3486 afarano,
1234 3421 1278 3471 ad.

156 3485 281 3550 eisarim,
293 3488 327 3538 V.
347 3529 378 3539 ..
396 3486 563 3549 munaum,
576 3488 610 3538 V.
630 3529 660 3538 ..
679 3487 734 3552 ipso
745 3486 847 3539 charitas
857 3487 991 3551 barborum,
1003 3506 1025 3541 v.
1039 3493 1054 3557 ἦ
1068 3494 1123 3541 138.
