2918 4800
142 239 206 301 440
497 255 701 302 uarunnurs
723 255 919 302 ursrorusu

141 407 333 491 limosasque
354 406 521 492 promittit,
543 408 652 494 glarea
673 406 810 473 incertas
832 430 929 473 venas
951 408 1009 474 sed
1030 409 1106 475 boni
1128 411 1265 497 saporis,

143 509 290 575 sabulum
317 509 493 575 masculum
523 519 555 573 et
581 509 700 575 harena
728 521 760 574 et
790 510 1003 577 carbunculus
1035 522 1138 578 certas
1167 513 1266 578 stabi-

141 611 245 695 lisque
267 621 299 674 et
322 608 469 689 salubris,
500 609 598 674 rubra
626 633 704 676 saxa
725 621 874 696 optumas
905 612 1040 697 speique
1062 615 1267 692 certissimas,

143 713 268 778 radices
282 711 439 777 montium
455 734 589 777 saxosae
604 722 642 777 et
652 712 730 777 silex
745 712 807 778 hoc
817 714 956 798 amplius
967 713 1110 801 rigentis.
1126 714 1269 801 Oportet

143 824 249 879 autem
269 813 465 879 fodientibus
486 813 660 880 umidiores
682 814 816 881 adsidue
831 815 1025 902 respondere
1040 815 1172 902 glaebas
1187 817 1269 882 faci·

142 916 268 1000 liusque
289 916 482 981 ferramenta
503 915 708 982 descendere.
745 915 920 1003 Depressis
947 918 1055 1004 puteis
1078 919 1315 1006 sulphuratae

143 1019 194 1084 vel
222 1018 398 1083 aluminosa
426 1018 626 1084 occurrentia
657 1019 822 1105 putearios
848 1030 980 1099 necant3
1015 1019 1268 1106 experimentum

143 1121 238 1185 huius
260 1119 396 1206 periculi
423 1131 472 1186 est
498 1119 639 1186 demissa
664 1120 781 1186 ardens
807 1122 948 1201 lucerna,
978 1121 1006 1187 si
1033 1121 1251 1208 exstinguitur
1258 1145 1268 1196 ;

145 1233 221 1287 tunc
243 1222 420 1287 secundum
442 1231 578 1306 puteum
599 1221 714 1286 dextra
740 1244 778 1286 ac
808 1221 936 1287 sinistra
962 1222 1087 1289 fodiunt
1108 1222 1269 1288 aestuaria

144 1347 227 1409 quae
249 1324 429 1410 graviorem
450 1323 541 1388 illurn
562 1323 696 1387 halitum
717 1324 884 1410 recipiant.
907 1323 963 1389 Fit
984 1335 1016 1389 et
1031 1325 1100 1390 sine
1114 1324 1165 1390 his
1180 1323 1269 1388 vitiis

145 1424 315 1490 altitudine
336 1425 407 1510 ipsa
435 1424 567 1512 gravior
594 1447 648 1489 aer
675 1447 770 1509 quem
796 1426 966 1491 emendant
992 1425 1127 1491 adsiduo
1152 1424 1269 1491 linteo-

145 1551 217 1592 rum
238 1527 359 1591 iactatu
381 1525 592 1591 eventilando.
632 1522 717 1590 Cum
738 1526 780 1590 ad
808 1548 925 1610 aquam
951 1538 1084 1592 ventum
1113 1535 1171 1606 est,
1201 1527 1270 1592 sine

145 1629 297 1694 harenato
318 1650 400 1714 opus
423 1628 526 1714 surgit
548 1650 589 1693 ne
611 1649 710 1693 venae
733 1628 950 1694 obstruantur.
975 1626 1144 1711 Quaedam
1166 1651 1271 1713 aquae
1286 1647 1317 1691 50

147 1753 221 1796 vere
245 1731 353 1795 statim
380 1730 552 1816 incipiente
580 1728 763 1816 frigidiores
791 1741 866 1795 sunt
894 1752 1030 1814 quarum
1056 1753 1121 1796 non
1146 1730 1180 1794 in
1207 1732 1271 1796 alto

146 1833 237 1918 origo
259 1841 318 1910 est,
343 1887 381 1895 -
404 1831 547 1896 hibernis
576 1831 661 1895 enirn
688 1840 836 1897 constant
855 1831 1024 1911 imbribus,
1048 1887 1089 1897 -
1112 1833 1271 1917 quaedam

147 1933 235 1999 canis
256 1945 338 2011 ortu,
362 1933 444 1997 sicut
464 1932 497 1996 in
519 1930 730 1997 Macedoniae
751 1931 842 1997 Pella
864 1942 1051 2017 utrumque3
1080 1946 1155 1999 ante
1177 1934 1271 2021 oppi-

148 2036 224 2100 dum
246 2035 332 2101 enim
353 2034 526 2121 incipiente
548 2044 671 2099 aestate
691 2033 811 2122 frigida
838 2045 887 2101 est
908 2035 1072 2120 palustris,
1100 2035 1175 2101 dein
1201 2059 1272 2100 ma·

148 2161 246 2204 xumo
273 2147 363 2202 aestu
392 2137 426 2200 in
453 2135 684 2201 excelsioribus
712 2137 824 2222 oppidi
852 2137 947 2224 riget.
983 2135 1057 2202 Hoc
1078 2136 1165 2200 etin
1188 2135 1272 2203 Chio

149 2239 255 2306 evenit
277 2237 372 2304 simili
392 2237 518 2302 ratione
539 2247 652 2322 portus
675 2248 707 2302 et
728 2237 849 2322 oppidi.
887 2237 1027 2302 Athenis
1042 2235 1272 2303 Enneacrunos

149 2341 296 2406 nimbosa
323 2349 446 2405 aestate
475 2338 623 2426 frigidior
650 2348 698 2402 est
725 2361 821 2423 quam
849 2349 968 2422 puteus
994 2337 1028 2402 in
1048 2337 1139 2403 Iovis
1160 2337 1271 2416 horto;

150 2442 256 2508 atille
283 2440 479 2506 siccitatibus
504 2440 600 2526 riget,
628 2462 777 2505 maxume
804 2450 912 2504 autem
939 2439 1026 2525 putei
1054 2439 1138 2503 circa
1164 2449 1272 2503 arctu-

150 2566 236 2618 rum3
265 2541 327 2605 IV.
347 2564 412 2606 non
433 2542 504 2626 ipsa
525 2551 646 2605 aestate
668 2539 821 2605 deficiunt
843 2562 1017 2625 omnesque
1040 2540 1211 2624 quatriduo
1237 2562 1275 2605 eo

152 2642 339 2722 subsidunt,
368 2644 432 2706 iarn
460 2665 537 2707 vero
563 2642 653 2706 multi
679 2641 784 2708 hieme
814 2653 889 2720 tota,
917 2652 955 2707 ut
976 2641 1062 2708 circa
1083 2640 1274 2726 Olynthum,

151 2767 227 2811 vere
249 2744 386 2830 primum
409 2743 501 2827 aquis
515 2743 736 2809 redeuntibus.
759 2743 798 2807 In
815 2740 925 2808 Sicilia
940 2743 1070 2829 quidem
1084 2743 1168 2807 circa
1181 2741 1275 2807 Mes·
1290 2759 1318 2804 ⁵1

152 2867 263 2911 sanam
285 2854 317 2910 et
337 2844 447 2929 Mylas
473 2843 578 2908 hieme
607 2844 640 2909 in
670 2854 777 2909 totum·
799 2844 984 2910 inarescunt
1003 2844 1124 2923 fontes,
1152 2853 1274 2908 aestate

152 2947 320 3011 exundant
339 2967 529 3030 amnemque
551 2945 683 3010 faciunt.
705 2946 899 3031 Apolloniae
920 2949 954 3011 in
968 2946 1074 3011 Ponto
1094 2946 1167 3012 fons
1183 2946 1276 3011 iuxta

152 3071 239 3114 mare
260 3059 382 3114 aestate
404 3057 529 3113 tantum
544 3046 713 3134 superfluit
733 3057 766 3113 et
788 3070 936 3115 maxume
954 3049 1039 3114 circa
1054 3047 1142 3114 canis
1157 3057 1276 3124 ortum,

153 3150 293 3236 parcius,
315 3150 342 3216 si
364 3149 511 3237 frigidior
533 3149 575 3214 sit
596 3159 712 3215 aesms.
737 3146 907 3231 Quaedam
921 3160 1024 3217 terrae
1037 3147 1195 3214 imbribus
1211 3147 1275 3213 sic·

188 3359 261 3420 548.
284 3358 377 3424 plaren,
395 3361 418 3409 d.
440 3358 531 3425 plomb,
548 3359 623 3408 VR¹.
644 3357 730 3424 pluria,
748 3359 796 3408 Rs.
821 3400 851 3408 ..
871 3357 1010 3419 otescalcum,
1027 3359 1082 3408 Vd.
1105 3353 1212 3413 masculi,
1230 3356 1276 3405 R'.

154 3425 315 3488 nanscnlr'num,
328 3429 378 3477 R².
398 3468 428 3476 ..
451 3435 473 3474 et
489 3425 651 3486 carbunculus,
670 3427 693 3475 d.
716 3425 879 3486 carbunculus,
897 3426 987 3476 VRT.
1005 3422 1182 3483 carbunculosn,
1194 3418 1224 3482 β.
1244 3462 1276 3472 ..
1319 3428 1322 3434 ’

154 3493 304 3552 calleamus,
324 3487 425 3545 0VR¹.
449 3493 588 3554 carissimo,
605 3495 654 3544 R'2.
677 3492 828 3555 caterinae,
842 3489 914 3557 dflr.
934 3534 964 3542 -
985 3492 1148 3555 montiumque,
1160 3490 1224 3540 VR.
1244 3530 1276 3540 ..

154 3577 264 3622 saxosae,
276 3562 348 3611 R2d.
366 3577 476 3620 renasca
488 3563 563 3613 VR¹.
582 3603 613 3611 .-
635 3560 756 3625 Oportaut,
767 3561 800 3611 R.
820 3603 851 3612 ..
861 3561 1010 3624 ferramento,
1023 3562 1057 3611 V.

189 3628 257 3691 §tu
275 3627 367 3689 ardent,
379 3630 412 3680 V.
433 3671 464 3679 -
482 3628 632 3693 relinquitur,
645 3630 728 3679 VRd.
747 3629 904 3693 exaequatur,
916 3624 938 3688 β
943 3643 967 3690 r.
987 3668 1017 3678 ..
1033 3625 1143 3693 fodiunt,
1159 3618 1219 3675 OV.
1230 3625 1275 3688 fc-

155 3695 259 3756 dz'untur,
275 3693 354 3757 Rdss.
379 3738 410 3747 ..
432 3697 573 3761 praetorem,
590 3697 643 3746 Vd.
664 3695 795 3760 procures,
813 3697 844 3746 R.
868 3738 899 3746 ..
923 3693 1032 3756 amidae,
1044 3696 1075 3745 R.
1096 3735 1126 3744 ..
1150 3692 1276 3752 torenna,

160 3758 292 3815 OVRTd
304 3763 391 3827 (codd.
404 3763 530 3826 Barbari).
548 3763 646 3823 larena,
659 3759 687 3824 β.
708 3804 738 3812 -
757 3764 903 3823 obtrudatur,
916 3764 949 3813 V.

191 3835 258 3896 §tu
277 3848 349 3895 nque,
362 3834 395 3881 V.
416 3872 446 3880 -
465 3831 590 3894 incipiente
600 3830 689 3888 atatim,
701 3834 725 3881 d.
746 3871 773 3879 ..
794 3839 908 3890 conatum,
920 3831 1020 3880 R²Td.
1038 3837 1136 3889 ronam,
1149 3827 1226 3878 VR'.
1245 3867 1278 3877 .-

157 3897 271 3962 quadarn,
283 3901 316 3948 V.
337 3941 367 3949 ..
385 3907 457 3960 ornes,
470 3901 503 3948 V.
519 3940 548 3948 ..
568 3897 727 3948 Macedonica
742 3897 821 3959 Pella,
841 3900 913 3949 codd.
927 3898 983 3950 Gal.
1001 3894 1147 3946 Macedonio
1162 3892 1281 3958 apellant,

157 3969 191 4016 V.
210 3964 495 4031 Macedonianppellam,
508 3969 539 4017 R.
557 3963 704 4016 Macedonia
719 3964 849 4029 appellant,
862 3968 885 4016 d.
910 4007 941 4016 ..
963 3963 1075 4029 palustri,
1088 3965 1133 4014 Rt
1151 4004 1184 4013 ..
1202 3962 1281 4024 natu,

158 4036 211 4085 Rd.
229 4043 304 4096 astae,
317 4034 351 4083 V.
371 4076 400 4084 ..
425 4033 527 4097 oppidis,
539 4035 650 4085 VRTd.
671 4074 700 4083 ..
724 4032 791 4097 ripn,
807 4034 882 4083 VR'.
902 4075 932 4084 -
956 4030 1045 4096 oppidi.
1067 4029 1219 4093 Artenam
1238 4046 1281 4093 op-

154 4099 217 4164 pido
230 4100 312 4164 tlenr's,
323 4103 379 4152 Vd.
398 4143 430 4152 ..
449 4101 627 4162 Enneacrunos,
639 4101 670 4150 R.
688 4100 761 4150 lanne
773 4117 882 4160 munus,
895 4102 928 4151 V.
946 4099 1127 4164 Enneacynaos,
1139 4099 1164 4147 d.
1183 4138 1215 4148 ..
1226 4096 1282 4160 fri-

158 4166 239 4232 yidr'or
250 4177 416 4232 ealeataque,
433 4171 507 4220 codd.
520 4169 635 4219 Barbari.
656 4210 686 4219 ..
710 4177 841 4228 arcturum,
859 4169 890 4219 R.
915 4176 1049 4226 auctorum,
1066 4168 1099 4217 V.
1120 4173 1282 4227 auctumnnrn,

160 4236 206 4291 'ld
218 4235 263 4300 (ex
276 4235 354 4297 corr.)
373 4278 402 4288 ..
422 4253 476 4300 non,
488 4237 598 4287 VRTd.
617 4252 679 4298 narn,
691 4232 720 4298 β.
741 4278 770 4286 ,-
794 4235 926 4301 Olynthum,
938 4237 1000 4287 VR.
1022 4233 1153 4299 olympam,
1166 4229 1238 4296 dssr.
