2918 4800
199 274 262 336 276
552 288 757 334 assensus
777 287 975 334 nrsronmn

199 441 386 525 hyoscyami
408 454 497 525 potu.
530 437 691 524 Podagris
718 462 847 523 quoque
867 440 979 504 iubent
1001 438 1091 502 inlini
1113 460 1187 501 cum
1207 430 1324 514 cicuta,

200 542 253 606 alii
275 565 348 606 cum
370 562 493 626 oesypo
515 554 548 604 et
569 541 665 626 adipe
685 542 846 619 anserino,
867 541 1006 624 qualiter
1025 554 1059 604 et
1080 539 1245 605 volvarum
1263 539 1325 604 do-

199 644 322 709 loribus
331 642 507 728 inponitur.
526 641 646 706 Alvum
655 643 751 706 etiam
763 644 847 708 sistit
856 655 980 729 potum,
990 656 1027 705 ut
1036 640 1189 705 Rabirius
1200 640 1325 717 scribit,
1339 657 1373 703 ⁷5

201 758 233 810 et
254 765 381 809 menses
401 743 479 820 ciet,
509 742 580 806 eius
607 764 684 807 vero
704 765 789 826 quae
809 744 960 807 feminam
981 743 1077 806 enixa
1099 741 1154 819 sit,
1180 743 1223 806 ad
1245 742 1326 807 vitia

200 860 324 911 tantum
352 845 385 908 in
412 844 493 908 facie
521 843 664 908 sananda
689 843 862 929 praevalet.
897 844 1092 907 Pulmonum
1118 865 1246 926 quoque
1272 845 1325 907 in-

202 947 368 1014 commoda
388 947 469 1010 lacte
490 944 634 1008 mulieris
655 955 820 1022 sanantur,
841 946 894 1009 cui
917 945 944 1009 si
963 945 1180 1009 admisceatur
1192 946 1326 1030 inpubis

201 1050 293 1136 pueri
319 1048 414 1112 urina
434 1058 467 1111 ct
493 1047 557 1110 mel
579 1046 743 1124 Atticum,
772 1047 879 1110 omnia
906 1046 1097 1110 coclearium
1125 1047 1326 1132 singulorum

199 1173 365 1226 mensura,
394 1170 557 1213 murmura
576 1169 707 1230 quoque
732 1149 860 1213 aurium
881 1148 942 1212 eici
963 1148 1102 1212 invenio.
1139 1148 1223 1213 Eius
1243 1171 1327 1231 quae

204 1275 323 1316 marem
349 1250 474 1336 peperit
495 1248 578 1313 lacte
599 1262 729 1336 gustato
751 1272 849 1314 canes
869 1249 1014 1314 rabiosos
1035 1262 1155 1336 negant
1176 1249 1256 1314 lieri.

244 1355 296 1417 22.
323 1351 471 1416 Mulieris
495 1371 624 1433 quoque
651 1350 784 1414 salivam
807 1350 935 1415 ieiunae
961 1361 1126 1435 potentem
1147 1351 1328 1415 diiudicant
1340 1364 1373 1410 ts

201 1452 377 1518 cruentatis
398 1450 497 1517 oculis
519 1462 552 1515 et
574 1450 601 1514 si
623 1461 733 1515 contra
755 1450 928 1537 epiphoras
940 1451 1103 1515 ferventes
1116 1452 1228 1539 anguli
1246 1475 1325 1517 ocu-

200 1555 304 1620 lorum
326 1553 464 1619 subinde
485 1552 667 1630 madefiant,
689 1552 855 1618 efficacius
877 1555 904 1617 si
925 1553 998 1618 cibo
1011 1553 1149 1636 vinoque
1171 1575 1206 1616 se
1219 1552 1327 1638 pridie

201 1678 239 1721 ea
259 1655 449 1721 abstinuerit
456 1680 466 1731 ;
488 1653 618 1719 invenio
639 1669 672 1719 et
693 1636 794 1720 fascid
813 1655 958 1719 mulieris
979 1655 1120 1742 adligato
1141 1655 1246 1739 capite
1264 1655 1325 1718 do·

200 1759 284 1823 loros
305 1758 415 1822 minui.

244 1863 295 1926 23.
316 1860 396 1925 Post
417 1859 498 1923 haec
518 1859 627 1924 nullus
649 1872 699 1924 est
719 1859 844 1924 modus
867 1859 936 1924 Iam
957 1860 1097 1946 primum
1119 1860 1206 1946 abigi
1226 1881 1325 1946 gian-
1341 1871 1371 1918 77

201 1962 292 2026 dines
324 1962 531 2046 turbinesque
563 1973 675 2026 contra
704 1960 834 2048 fulgura
865 1961 939 2047 ipsa
967 1984 1076 2025 mense
1108 1961 1244 2036 nudat03
1278 1961 1326 2024 sic

202 2064 304 2129 averti
332 2063 513 2130 violentiam
547 2063 642 2139 caeli,
674 2063 708 2126 in
742 2063 926 2150 navigando
956 2063 1085 2146 quidem
1120 2073 1326 2147 tempestates

203 2167 299 2231 etiam
322 2166 392 2232 sine
413 2165 593 2230 menstruis.
627 2165 680 2229 Ex
706 2165 788 2251 ipsis
810 2187 885 2229 vero
913 2164 1094 2242 mensibus,
1122 2163 1327 2229 monstrificis
1405 2168 1408 2173 “

203 2268 293 2345 alias,
321 2269 367 2331 uti
390 2290 449 2333 suo
470 2267 540 2333 loco
561 2267 784 2344 indicavimus,
814 2266 884 2330 dira
905 2279 937 2331 et
958 2266 1091 2330 infanda
1112 2265 1328 2330 vaticinantur

203 2392 221 2434 e
247 2369 365 2453 quibus
392 2368 513 2434 dixisse
540 2392 604 2433 non
632 2368 769 2454 pudeat,
799 2369 827 2432 si
852 2369 886 2432 in
914 2368 1061 2433 defectus
1087 2368 1183 2432 lunae
1210 2366 1327 2431 solisve

204 2482 361 2557 congruat
374 2471 425 2535 vis
446 2471 509 2547 illa,
532 2471 806 2536 inremediabilem
828 2469 909 2547 fieri,
931 2492 995 2534 non
1019 2469 1151 2555 segnius
1173 2468 1260 2532 etin
1282 2467 1326 2531 si-

206 2645 298 2696 talibus
313 2645 435 2696 hariolari
451 2647 551 2707 liceret,
564 2661 612 2711 ego
626 2647 734 2696 dicerem
747 2645 857 2695 Plinium
871 2653 897 2692 ut
907 2643 1048 2693 sauata
1060 2642 1141 2693 tradit.
1160 2651 1182 2690 ct
1193 2650 1278 2691 contra
1290 2640 1326 2689 iu·

205 2713 298 2762 77771777
322 2715 449 2778 scripsisse
471 2715 563 2765 omissa
578 2729 641 2764 voce
658 2713 798 2778 dorycnion,
815 2729 880 2776 quae
896 2713 999 2762 librario
1017 2713 1093 2761 alicui
1110 2714 1228 2770 debetur,
1247 2725 1325 2772 quam

205 2784 286 2846 ipsam
299 2782 434 2832 lectionem
448 2797 506 2833 cum
519 2784 631 2833 maxime
642 2784 716 2832 video
729 2782 843 2831 codicem
855 2781 1077 2844 Petropolitanum
1092 2781 1194 2829 infimae
1210 2779 1268 2828 fidei
1280 2794 1325 2826 ex-

206 2850 301 2899 hibere.
321 2889 352 2898 -
371 2847 416 2898 alii
430 2865 490 2911 cum,
507 2851 570 2901 VR.
588 2848 672 2913 aliqui,
684 2853 708 2900 d.
728 2890 759 2898 ..
778 2864 871 2912 oesypo,
883 2850 955 2898 codd.
969 2848 1025 2899 Gel.
1043 2846 1122 2914 sspcpq
1134 2848 1168 2896 V.
1186 2862 1263 2909 esopo,
1275 2846 1325 2895 R2.

206 2932 291 2981 msepo,
303 2918 348 2967 111.
366 2916 461 2981 mesipo,
473 2921 497 2968 d.
518 2960 548 2978 ,
567 2916 670 2981 qualiter
681 2926 710 2978 et,
726 2909 841 2967 OVRT.
859 2915 963 2980 qualiter
974 2915 1052 2976 ettam,
1066 2917 1082 2964 d
1087 2910 1137 2980 βγ.

240 2986 307 3049 tta.
324 2992 413 3049 potum,
424 2986 456 3035 R.
473 2993 538 3050 potu,
551 2987 636 3035 VTd.
656 3026 687 3034 ..
705 2983 808 3047 scripsit,
825 2986 877 3035 Td.
901 3025 931 3034 -
955 3000 1050 3042 menses,
1062 2985 1116 3033 Vd.
1135 2998 1200 3031 nesse
1210 2998 1231 3041 s,
1242 2981 1275 3029 R.
1293 3021 1324 3030 -

207 3051 316 3116 insacia,
328 3054 379 3103 R2.
398 3053 486 3105 Omitt.
498 3054 595 3103 vm.
616 3094 646 3102 ..
664 3052 693 3112 si,
709 3054 766 3101 Vd.
787 3052 830 3112 sic,
842 3054 875 3103 11.
898 3092 928 3102 ..
952 3059 976 3100 et
990 3051 1037 3100 mel
1051 3050 1164 3111 Atticum,
1181 3052 1226 3099 Rd
1238 3046 1326 3109 (codd.

208 3119 280 3184 Gal.)
298 3128 320 3170 et
333 3119 472 3183 meliticum,
490 3123 523 3171 V.
547 3119 585 3170 vei
600 3120 646 3170 mel
660 3119 774 3180 Atticum,
791 3116 841 3185 βγ.
864 3161 894 3170 ..
919 3118 1057 3169 coclearium
1073 3116 1225 3182 sisqulomm,
1242 3117 1326 3165 VRd.

206 3187 351 3309 wilzum
371 3187 533 3250 cochlearium,
552 3191 629 3307 qrodd.
650 3188 708 3239 Gel.
728 3183 779 3253 βγ.
803 3229 837 3304 ἢ.
866 3189 1092 3317 murmura,tqud.
1105 3186 1181 3304 γᾷῖἓᾱ
1197 3198 1326 3316 Ἢονα,

317 3274 336 3307 r.
365 3298 394 3307 ..
424 3273 534 3318 aureum,
580 3294 586 3307 .
615 3298 645 3305 -
669 3271 786 3317 amarent,
832 3294 837 3305 .
862 3296 892 3306 ,
920 3271 996 3320 nepas
1043 3270 1086 3314 cri,
1183 3289 1189 3301 .
1288 3266 1328 3298 ne-

223 3320 306 3386 77779
328 3360 334 3375 .

206 3339 222 3389 9
241 3394 256 3457 i
270 3340 419 3457 rarquoque
429 3391 539 3453 salivam,
555 3385 682 3442 91111717.
699 3390 803 3440 saliuam
815 3405 912 3454 quoque,
923 3386 952 3452 β.
966 3433 997 3440 -
1016 3388 1116 3450 ieiunae,
1129 3391 1202 3439 codd.
1211 3387 1327 3436 Barbari.

207 3459 294 3522 171777,
306 3462 351 3513 111.
371 3460 480 3521 ieiunam,
492 3461 548 3510 1111
556 3461 596 3508 ²d.
616 3501 646 3509 -
665 3459 794 3508 maculatis
805 3457 885 3519 oculu,
897 3460 984 3509 VRd.
1002 3456 1075 3507 oeulis
1085 3454 1221 3515 auertatis,
1232 3450 1284 3517 βγ.
1295 3494 1326 3502 ..

207 3535 230 3576 ct
240 3527 281 3590 sic,
294 3529 380 3579 Dalec.
400 3536 422 3576 et
433 3536 515 3577 contra
527 3526 654 3592 epiphoras
665 3525 694 3587 si,
706 3529 805 3577 Broter.
825 3567 855 3575 ..
873 3525 1010 3589 madefiant,
1028 3528 1044 3575 d
1061 3524 1148 3587 (codd.
1161 3520 1231 3583 Gel.)
1247 3520 1328 3570 made·

208 3594 317 3659 dificant,
329 3597 404 3646 V¹R.
422 3595 572 3658 modificant,
584 3596 635 3644 V2.
655 3635 683 3644 -
696 3595 790 3660 fascia,
802 3594 833 3643 11
843 3593 961 3656 fasciam,
974 3588 1034 3654 νβ.
1045 3592 1143 3653 fasciis,
1156 3594 1208 3643 Td.

242 3662 310 3723 177.
329 3679 405 3712 meuse
417 3662 515 3725 nudato,
531 3656 663 3713 dvm
681 3678 758 3710 meuse
775 3660 881 3723 nudatos,
893 3664 943 3713 3².
967 3677 1020 3710 ense
1036 3659 1132 3720 nudato,
1146 3662 1169 3709 d.
1192 3672 1267 3706 meuse
1285 3672 1328 3705 77-

209 3729 275 3792 data,
288 3748 308 3781 r.
327 3731 380 3795 ipsa
392 3731 416 3779 iu
429 3747 505 3779 mense
516 3730 658 3792 connudata,
671 3731 777 3780 Barbar.
789 3725 841 3794 βγ.
860 3729 914 3793 ipsa
930 3729 955 3777 ia
971 3745 1048 3776 manse
1064 3727 1163 3789 nudata,
1175 3729 1276 3776 Broter.
1297 3764 1327 3773 -

208 3796 313 3862 quidam,
325 3801 357 3849 11.
378 3839 407 3848 ..
427 3799 576 3863 tempestatis,
589 3799 621 3848 R.
636 3838 665 3848 ..
679 3806 712 3858 ut,
725 3799 777 3847 Rd.
792 3838 822 3846 -
840 3795 996 3846 iudicauimus
1009 3802 1031 3857 7,
1046 3803 1077 3847 63
1090 3811 1159 3860 seqq.
1172 3835 1203 3844 ..
1217 3792 1328 3856 desectus,

212 3860 351 3917 OVRTd.
370 3865 469 3931 defectu,
481 3861 511 3927 β.
531 3907 560 3916 -
579 3865 671 3925 solisve,
683 3866 739 3915 Vd.
757 3880 821 3924 suae,
834 3867 865 3918 11.
878 3907 909 3914 -
929 3871 1042 3929 congruat
1054 3864 1101 3925 vis3
1119 3879 1165 3927 pro
1178 3863 1218 3911 bis
1230 3877 1270 3909 vv.
1283 3861 1328 3909 ha-

210 3934 271 3983 bent
283 3933 419 3998 congruatis
430 3934 514 3985 VRd.
529 3975 559 3984 ..
573 3934 675 3983 morbum
689 3931 891 3992 irremediabilem,
904 3934 992 3984 Dalec.
1006 3972 1036 3981 ..
1050 3930 1173 3991 insiliam,
1190 3922 1328 3979 OVRTd.

208 3999 383 4117 sipiitchcodtl.
397 4000 453 4053 (iel.
465 3998 494 4063 β
514 4042 543 4052 ..
565 4009 611 4050 tum
624 4001 737 4062 77777ίὸ77,
750 4002 773 4051 11
785 4000 870 4063 (codd.
883 4000 954 4062 Gel.)
972 3999 1135 4057 summaribus,
1147 4000 1180 4048 V.
1199 3996 1223 4044 si
1237 3996 1261 4043 ia
1279 4010 1329 4042 mu-

209 4085 231 4117 rr
247 4085 282 4127 us,
313 4105 319 4117 ,

244 4135 258 4196 ἓ
273 4140 312 4187 78.
329 4152 470 4200 purpuram,
490 4140 513 4187 d.
535 4154 654 4202 purpura,
667 4138 712 4186 V¹.
727 4136 840 4201 fulgora,
857 4137 931 4187 v²R
943 4136 989 4198 (ex
1006 4133 1117 4195 emend.)
1139 4175 1162 4182 -
1186 4149 1212 4180 eo
1229 4140 1330 4193 tempore

211 4204 241 4252 ab
254 4201 298 4264 lis,
312 4205 374 4254 VR.
393 4205 424 4252 ab
436 4204 473 4254 liis
485 4221 511 4254 eo
524 4213 631 4269 tempore,
643 4200 694 4268 βγ.
712 4221 739 4253 eo
757 4212 858 4268 tempore
874 4203 942 4265 albis,
955 4207 978 4254 d.
1000 4243 1029 4252 ..
1045 4202 1120 4265 potui,
1133 4204 1157 4250 d.
1178 4241 1207 4248 -
1230 4213 1329 4261 quoquc,

211 4274 241 4323 11.
262 4311 290 4321 ..
311 4279 445 4334 7777777777,
458 4274 489 4325 11.
510 4314 540 4322 ..
564 4272 769 4334 7777771111171.
787 4287 906 4331 umacus,
919 4273 963 4322 13¹.
981 4286 1071 4330 aucas,
1083 4265 1134 4332 βγ.
1155 4309 1179 4318 -
1203 4283 1240 4328 ac,
1253 4268 1286 4316 V.
1300 4274 1330 4325 et,
