2918 4800
190 285 250 348 182
540 299 743 346 unrunnms
764 297 960 346 msronms

230 453 282 515 47.
304 450 458 515 Tormina
472 448 603 515 discutit
615 449 839 535 quodcumque
852 471 1003 538 panaces,
1027 447 1199 515 Vettonica
1212 471 1308 536 prae·
1323 468 1355 516 74

189 562 333 635 terqnam
355 575 375 616 a
396 550 564 628 cruditate,
592 552 769 638 peucedani
796 574 893 618 sucus
920 562 953 616 et
978 549 1169 630 inflationes,
1198 561 1309 618 ructus

187 653 341 739 gignens,
368 652 444 717 item
471 651 558 717 acori
585 653 679 717 radix
705 653 885 720 dancumve
913 652 941 717 si
967 653 1112 718 lactucae
1133 653 1229 718 modo
1251 675 1308 718 su-

187 764 302 818 matur.
330 752 501 817 Ladanum
516 749 674 838 Cyprium
695 764 806 838 potum
826 754 1065 819 interaneorum
1086 753 1173 819 vitiis
1195 775 1310 819 occur-

187 854 241 932 rit,
264 854 433 940 gentianae
452 853 557 918 farina
577 876 617 918 ex
633 875 716 938 aqua
731 854 840 940 tepida
854 855 946 920 fabae
961 854 1192 941 magnitudine,
1215 855 1309 942 plan-

189 967 264 1044 tago
286 979 379 1021 mane
402 967 531 1042 sumpta
552 955 677 1047 duabus
698 955 829 1041 lingulis
852 966 883 1020 et
898 957 991 1020 tertia
1004 956 1177 1042 papaveris
1190 956 1225 1021 in
1240 955 1308 1021 vini

189 1057 313 1145 cyathis
335 1068 487 1141 quattuor
507 1079 572 1122 non
599 1057 718 1124 veteris
725 1083 735 1135 ;
765 1057 861 1121 datur
882 1067 914 1122 et
935 1057 969 1121 in
991 1079 1138 1122 somnum
1160 1057 1309 1124 euntibus

188 1160 297 1225 addito
325 1159 408 1224 nitro
435 1160 485 1225 vel
513 1159 653 1245 polenta,
681 1159 709 1223 si
738 1159 837 1224 multo
863 1169 938 1244 post
967 1158 1074 1223 cibum
1101 1158 1212 1236 detnr3
1241 1158 1311 1225 colo

188 1261 368 1326 infunditur
387 1259 515 1325 hemina
538 1261 608 1326 suci
630 1261 680 1325 vel
701 1260 736 1325 in
756 1260 848 1326 febri.

231 1365 283 1429 48.
312 1361 492 1450 Agarioum
518 1372 631 1447 potum
657 1360 760 1429 obolis
787 1360 889 1427 tribus
910 1362 944 1426 in
968 1362 1034 1426 vini
1056 1362 1174 1428 veteris
1195 1361 1311 1448 cyatho
1324 1376 1356 1424 ts

189 1486 253 1529 uno
267 1462 343 1528 lieni
358 1461 515 1541 medetur,
539 1483 556 1527 e
578 1483 700 1549 panace
715 1462 856 1528 omnium
870 1484 1026 1550 generum
1040 1462 1134 1528 radix
1146 1463 1181 1529 in
1195 1463 1311 1543 mulso,

190 1564 247 1630 sed
268 1563 407 1629 Teucria
427 1563 599 1649 praecipue
620 1573 697 1648 pota
718 1563 810 1628 arida
831 1574 863 1628 et
885 1562 1014 1629 decocta
1029 1574 1183 1649 quantum
1197 1587 1312 1630 manus

138 1674 139 1677 ’
191 1667 298 1752 capiat
319 1665 351 1729 in
374 1665 456 1730 aceti
477 1664 615 1730 heminis
639 1664 758 1742 tribus3
781 1665 823 1729 ad
845 1664 959 1730 volnus
980 1666 1126 1731 inlinitur
1141 1666 1253 1732 eadem
1269 1688 1311 1731 ex

190 1778 279 1833 aceto
300 1776 366 1845 aut,
389 1766 416 1832 si
438 1761 566 1832 tolerari
588 1788 653 1831 non
673 1766 787 1852 possit,
811 1788 851 1831 ex
865 1765 925 1832 fico
940 1768 992 1832 vel
1012 1789 1104 1852 aqua.
1126 1765 1313 1834 Polemonia

190 1869 312 1936 bibitur
341 1892 383 1934 ex
408 1868 500 1947 vino,
534 1867 705 1934 Vettonica
732 1867 883 1933 drachma
909 1869 944 1933 in
970 1868 1155 1954 oxymelitis
1188 1868 1312 1954 cyathis

191 1970 304 2048 tribus,
333 1969 536 2035 aristolochia
563 1980 599 2033 ut
626 1978 735 2035 contra
761 1969 930 2055 serpentis.
968 1969 1166 2056 Argemonia
1189 1979 1313 2057 septem
1326 1982 1358 2032 ts

192 2070 305 2135 diebus
326 2070 360 2134 in
382 2070 454 2136 cibo
476 2082 605 2157 sumpta
630 2071 747 2136 lienem
776 2093 961 2137 consumere
990 2071 1118 2151 dicitur,
1147 2071 1313 2159 agaricum

191 2171 225 2236 in
247 2182 338 2237 aceto
359 2173 462 2239 mulso
484 2172 586 2238 obolis
609 2171 734 2238 duobus
740 2197 749 2250 3
773 2173 973 2260 nymphaeae
993 2173 1150 2238 heracliae
1171 2172 1264 2238 radix
1278 2173 1313 2238 in

191 2273 265 2338 vino
288 2283 365 2357 pota
386 2273 509 2358 etipsa
530 2272 698 2338 consumit.
737 2271 981 2340 Cissanthemus
1007 2274 1157 2341 drachma
1181 2273 1233 2341 bis
1260 2274 1313 2340 die

192 2384 319 2460 sumpta
340 2375 373 2439 in
396 2375 461 2439 vini
483 2374 547 2440 albi
570 2375 693 2460 cyathis
715 2376 841 2441 duobus
856 2398 915 2460 per
937 2376 1006 2442 dies
1026 2399 1071 2440 xn
1092 2376 1209 2442 lienem
1230 2376 1312 2442 dici-

192 2488 245 2541 tur
267 2475 421 2562 paulatim
443 2477 585 2542 emittere
607 2500 666 2562 per
687 2477 823 2544 urinam.
844 2477 984 2543 Prodest
1005 2488 1038 2544 et
1057 2478 1218 2565 hysopum
1240 2500 1313 2544 cum

192 2576 254 2641 fico
282 2577 466 2656 decoctum,
501 2578 685 2645 lonchitidis
712 2580 805 2645 radix
834 2580 965 2646 decocta
992 2581 1178 2667 priusquam
1207 2601 1315 2645 semen

193 2677 352 2758 demittat,
374 2679 551 2764 peucedani
571 2703 697 2766 quoque
720 2682 813 2747 radix
835 2683 967 2750 decocta
982 2693 1014 2750 et
1027 2683 1104 2748 lieni
1126 2693 1159 2748 et
1172 2681 1313 2748 renibus.

193 2854 259 2903 rides
272 2854 308 2902 ita
320 2855 442 2905 scribens:
461 2852 563 2923 ταύτης
572 2852 603 2905 τὸ
614 2853 666 2916 μὲν
680 2850 786 2906 ἄνωθεν
797 2854 887 2921 μέρος
896 2852 1034 2924 meditat
1044 2854 1151 2924 ληφθὲν
1161 2846 1195 2905 δι’
1210 2853 1314 2916 inertia

194 2914 256 2986 dyst
273 2917 360 2988 χολὴν
381 2918 426 2970 καὶ
447 2919 568 2987 φλέγμα,
590 2920 621 2974 τὸ
643 2921 675 2972 δὲ
696 2920 767 2989 πρὸς
785 2922 820 2990 τῇ
835 2921 897 2992 ῥίζῃ
918 2923 991 2975 κάτω
1011 2923 1148 2990 καθαίρει.
1170 2924 1266 2974 Veram
1283 2924 1317 2972 ad
1420 2936 1423 2940 ’

185 2990 342 3053 ‘scripturam
355 2993 445 3040 ducere
458 2992 557 3040 videtur
568 2994 598 3054 R,
611 2995 678 3042 unde
690 2993 780 3055 opinor
790 2993 901 3043 Plinium
911 3010 957 3057 per
968 2991 1055 3043 alvum.
1072 2992 1109 3042 At
1125 2993 1227 3042 tormina
1238 2989 1316 3040 draca·

194 3058 222 3106 tit
233 3059 370 3122 scripsisse.

227 3145 295 3206 §ta
321 3143 451 3204 Vettonica,
463 3144 487 3194 d.
506 3152 529 3192 et
540 3144 626 3204 tonica,
637 3143 670 3193 V.
689 3152 712 3193 et
728 3144 857 3205 Vettonica,
870 3140 950 3209 Ββγ.
973 3186 1003 3194 ..
1025 3153 1196 3209 praetereaque
1211 3142 1316 3192 madias-

193 3217 247 3271 tem,
259 3211 291 3261 Κ.
311 3253 341 3260 -
360 3219 390 3272 et,
402 3213 483 3262 omitt.
498 3214 571 3263 codd.
585 3212 641 3262 Gal.
659 3254 690 3262 ..
709 3210 772 3275 item,
785 3214 816 3264 R.
834 3213 923 3264 Omitt.
936 3213 992 3262 Vd.
1011 3254 1042 3262 ..
1061 3212 1161 3262 donem
1173 3211 1218 3271 vet,
1230 3212 1316 3262 VRd.

195 3321 225 3328 ..
244 3279 379 3344 pontianae,
393 3282 507 3331 VRTd.
526 3280 580 3328 item
590 3279 725 3344 gentianae,
734 3276 784 3346 βγ.
805 3322 835 3330 ..
854 3297 876 3328 m
910 3279 1046 3344 citudinem,
1058 3281 1092 3331 V.
1111 3323 1142 3331 ..
1161 3279 1316 3341 submota,V.

194 3388 225 3396 ,.
244 3341 755 3413 adabar‚To.-lin9ata,ttv1tt·n.
774 3348 869 3413 linquis,
904 3386 910 3397 .
929 3347 1067 3412 lingaissea
1078 3347 1245 3408 cochlearibus,
1256 3364 1316 3397 r...

193 3413 285 3478 mathie
302 3424 414 3479 qaaaucr
429 3433 475 3464 non
491 3417 582 3475 veteris,
598 3417 681 3467 VRd.
704 3433 750 3465 non
765 3416 850 3465 veteris
866 3415 957 3482 cyathis
972 3424 1081 3479 quatuor,
1097 3414 1126 3479 β.
1148 3415 1240 3482 cyathis
1257 3431 1317 3479 aaa

194 3490 254 3543 taor,
268 3478 298 3535 θ.
318 3525 348 3533 ..
367 3482 516 3543 simultati
528 3487 616 3545 (codd.
630 3482 700 3547 Gel.)
717 3483 839 3548 simulque,
852 3485 885 3534 V.
902 3483 980 3545 mmm,
992 3486 1016 3533 d.
1216 3486 1219 3491 ’

228 3570 295 3631 §ta
314 3569 463 3628 tribuam.
482 3568 588 3630 auribus,
598 3569 631 3619 V.
656 3611 686 3618 -
710 3568 775 3631 liene,
787 3570 821 3620 V.
840 3612 871 3620 ..
896 3585 1025 3634 epanace,
1038 3569 1128 3620 VRT.
1147 3576 1170 3617 et
1178 3584 1279 3632 panace,
1293 3568 1317 3617 d.

194 3635 335 3698 elpenoris,
347 3631 397 3700 βγ,
417 3676 447 3686 ..
467 3635 491 3684 in
507 3645 573 3684 aceto
590 3635 671 3699 mal-so,
682 3638 715 3687 K.
736 3673 768 3686 .„
786 3636 888 3695 decocta
900 3641 924 3688 d.
942 3635 1043 3697 decocto,
1055 3638 1118 3687 VR.
1142 3679 1172 3685 ..
1193 3636 1317 3696 basinam,

198 3697 300 3754 ttvltd
313 3701 440 3765 (Mnrhac.
458 3720 498 3768 sp.
511 3705 616 3755 Comar.
632 3705 790 3755 adDioscor.
803 3712 827 3766 3,
840 3703 894 3767 99.)
916 3746 947 3754 ..
972 3703 1082 3765 vulnera,
1096 3706 1130 3756 Κ.
1149 3747 1179 3754 -
1199 3720 1228 3752 ea
1244 3711 1318 3763 aceto,

194 3771 308 3822 VRTd.
327 3788 379 3820 cam
391 3781 464 3835 aceto,
476 3769 527 3837 βγ.
552 3814 581 3822 ..
603 3772 703 3836 possint,
716 3772 749 3822 V.
773 3814 803 3823 -
818 3773 945 3835 floalid.
959 3769 1120 3837 fica,Vssr.
1140 3813 1170 3822 -
1194 3780 1220 3820 at
1236 3778 1319 3822 contra

194 3847 311 3902 serpentes
323 3847 363 3901 25,
378 3847 434 3891 101.

228 3927 301 3985 §lta
324 3925 464 3990 Arpetone,
482 3928 514 3976 K.
543 3968 574 3976 ..
600 3933 695 3989 septem,
712 3928 783 3977 R2d.
811 3925 847 3975 vel
870 3923 935 3989 (ie.
956 3925 1031 3989 VII),
1053 3927 1129 3976 VR'.
1156 3967 1187 3975 ...
1215 3925 1240 3973 in
1258 3924 1319 3984 vino,

199 3981 340 4041 OVRTd.
359 4008 371 4040 e
387 3993 448 4056 vino,
459 3991 510 4058 βγ.
530 4035 561 4043 ..
589 3991 770 4056 Oissantmmas,
783 3997 807 4046 d.
828 3991 1013 4055 Cessanthemas,
1025 3994 1059 4044 V.
1080 3991 1260 4054 Cessenthemas,
1273 3994 1318 4042 R'.

198 4081 395 4176 crassatam,
408 4086 457 4136 nt
472 4129 502 4137 -
521 4085 663 4149 roscreen,
676 4091 699 4138 r.
719 4085 864 4153 lampaide,
876 4089 926 4138 aa
945 4085 1090 4152 resartae,
1102 4088 1148 4137 aa
1164 4069 1210 4135 ⁶⁰20
1223 4083 1320 4148 (niara

196 4184 280 4247 erasa)
292 4183 411 4248 clitltidis,
424 4189 458 4237 V.
478 4230 508 4238 -
528 4188 643 4250 demittat,
658 4182 795 4240 ttvssTd.
814 4189 912 4247 emittat,
924 4184 976 4254 βγ.

230 4281 303 4343 §tn
325 4276 417 4344 Lana,
433 4280 529 4333 VR¹d.
553 4281 645 4346 abania
661 4283 709 4333 Re
734 4323 764 4332 ..
792 4282 861 4333 acori
871 4289 938 4346 patra,
955 4282 1009 4332 Rd.
1031 4280 1099 4331 acori
1110 4289 1175 4346 pcto,
1191 4283 1225 4334 V.
1249 4296 1320 4330 acore
