2918 4800
367 323 437 368 nm.
453 321 569 370 xxun.
599 321 677 369 aar.
692 322 767 369 mv.
782 322 843 370 xv.
873 321 970 370 aner.
987 323 1070 368 aar.
1234 309 1275 372 85

152 475 350 563 purulentas,
373 473 527 550 tonsillas,
542 473 702 562 gingivas,
719 473 842 550 tussim,
858 473 1025 560 sanguinis
1041 474 1276 539 exscreationes

152 576 247 643 fabae
274 575 497 662 magnitudine
526 575 713 640 devoratum
742 584 812 652 aut,
847 574 874 638 si
908 597 948 640 ex
977 574 1159 640 volneribus
1185 573 1276 653 fluat,

151 677 286 754 inlitum,
306 676 473 765 rhagadis,
496 676 681 762 genitalium
703 675 820 754 ulcera,
843 675 982 752 attritus,
1003 675 1113 741 ulcera
1134 677 1278 741 recentia

151 789 184 843 et
199 778 362 865 serpentia
375 799 414 842 ae
428 777 655 864 putrescentia,
677 778 711 841 in
725 777 858 842 naribus
873 777 991 854 clavos,
1014 776 1275 862 suppurationem

151 878 273 945 bibitur
294 889 327 944 et
349 878 535 945 mulieribus
556 878 590 944 in
611 879 693 944 laete
716 889 828 945 eontra
849 877 1017 964 profluvia.
1055 876 1160 942 Indici
1182 877 1275 943 diffe-
1292 895 1337 941 rat

151 981 255 1045 rentia
280 979 402 1065 glaebis
432 979 632 1044 extrinsecus
659 979 776 1066 nigris,
808 980 896 1043 intus
925 978 1003 1044 rufis
1030 1001 1104 1044 eum
1129 978 1275 1066 fregeris,

151 1081 215 1146 cito
236 1079 508 1169 nigrescentibus3
531 1079 706 1167 adstringit
728 1079 933 1144 vehementer
954 1101 1027 1144 cum
1050 1079 1274 1157 amaritudine,

151 1182 194 1246 ad
215 1181 327 1245 eadem
350 1181 456 1245 omnia
476 1181 565 1257 utile,
590 1182 646 1246 sed
668 1181 839 1268 praecipue
861 1180 903 1244 ad
925 1180 1085 1267 genitalia.

194 1284 246 1347 78.
270 1279 357 1346 Sunt
377 1282 433 1366 qui
455 1292 487 1346 et
509 1282 716 1347 sarcocollam
737 1282 849 1366 spinae
871 1281 1035 1346 lacrimam
1057 1292 1182 1367 putent,
1203 1282 1274 1367 pol·
1290 1299 1338 1345 trs

151 1383 208 1447 lini
230 1383 311 1448 turis
339 1384 483 1462 similem,
510 1406 583 1449 cum
613 1383 752 1468 quadam
777 1383 950 1448 acrimonia
976 1383 1112 1461 dulcem,
1140 1383 1274 1449 cummi-

151 1506 273 1550 nosam.
307 1482 392 1550 Cum
413 1484 488 1550 vino
511 1496 605 1550 tunsa
627 1485 710 1549 sistit
728 1483 906 1562 fluctiones,
934 1485 1080 1548 inlinitur
1101 1484 1275 1551 infantibus

149 1608 310 1650 maxume.
337 1585 510 1652 Vetustate
532 1596 564 1651 et
584 1585 664 1651 hacc
684 1585 855 1674 nigrescit3
880 1586 990 1651 melior
1012 1607 1076 1670 quo
1098 1587 1273 1653 candidior.

192 1690 211 1752 7
214 1690 242 1752 9.
266 1687 379 1752 Unum
400 1689 573 1753 etiamnum
591 1686 740 1752 arborum
755 1687 922 1753 medicinis
937 1687 1070 1753 debetur
1084 1687 1189 1753 nobile
1203 1710 1272 1753 me·
1290 1704 1337 1750 ras
1441 1700 1447 1711 ¹

148 1787 364 1854 dicamentum
387 1789 474 1874 quod
496 1789 645 1876 oporicen
668 1800 794 1854 vocant.
830 1787 886 1853 Fit
907 1789 949 1854 ad
970 1789 1183 1875 dysintericos
1206 1799 1272 1855 sto·

149 1889 316 1973 machique
343 1891 422 1955 vitia
448 1892 481 1955 in
509 1891 622 1978 congio
654 1891 752 1955 musti
780 1890 845 1955 albi
871 1889 960 1955 leuto
988 1912 1106 1976 vapore
1133 1890 1274 1955 decoctis

149 1991 239 2055 malis
261 1993 403 2057 cotoneis
425 1991 566 2076 quinque
590 2015 663 2056 cum
686 1991 753 2056 suis
777 1992 963 2069 seminibus,
986 1991 1113 2078 punicis
1129 1990 1272 2070 totidem,

151 2092 318 2158 sorborum
346 2092 485 2157 sextario
512 2103 545 2156 et
571 2093 642 2176 pari
671 2115 824 2157 mensura
850 2092 917 2157 eius
946 2093 1033 2177 quod
1054 2091 1137 2156 rhun
1159 2090 1272 2176 Syria·

149 2216 220 2258 cam
245 2205 369 2273 vocant,
397 2193 481 2260 croci
503 2193 683 2270 semuncia3
711 2194 859 2278 coquitur
887 2216 990 2279 usque
1017 2194 1059 2258 ad
1086 2193 1272 2260 crassitudi-

149 2317 222 2360 nem
243 2296 355 2361 mellis.

192 2399 243 2463 80.
271 2397 334 2463 His
361 2396 568 2463 subtexemus
595 2421 633 2464 ea
660 2420 742 2483 quae
766 2398 885 2465 Graeci
908 2397 1185 2464 conmunicatione
1214 2421 1271 2462 no·

149 2499 271 2564 minum
292 2500 326 2563 in
347 2499 499 2585 ambiguo
519 2500 626 2567 fecere
649 2524 731 2567 anne
753 2501 902 2567 arborum
925 2512 1040 2566 essent.

192 2601 273 2667 XV.
303 2599 524 2688 Chamaedrys
551 2602 650 2668 herba
677 2613 726 2668 est
746 2625 828 2687 quae
850 2603 969 2668 Latine
992 2603 1118 2690 trixago
1140 2602 1336 2677 dicitur31so

149 2703 247 2786 aliqui
269 2725 339 2767 eam
363 2703 635 2791 chamaedropem,
659 2705 713 2770 alii
735 2704 908 2770 Teucriam
930 2706 1143 2792 appellavere.
1179 2703 1273 2769 Folia

149 2802 247 2869 habet
267 2804 487 2893 magnitudine
509 2817 648 2886 mentae,
679 2807 783 2874 colore
805 2819 838 2873 et
859 2808 1001 2873 divisura
1022 2829 1170 2892 quercus.
1205 2806 1273 2872 Alii

150 3006 220 3075 assr.
240 3053 271 3062 ..
290 3028 377 3074 erosae,
389 3015 422 3063 V.
436 3056 467 3063 ..
487 3015 552 3077 maci,
563 3017 596 3065 V.
612 3056 642 3065 ..
661 3014 801 3077 vulneribus,
814 3033 836 3065 a.
854 3013 978 3079 ulceribus,
990 3012 1073 3077 vdss.
1093 3056 1124 3065 ..
1142 3013 1272 3078 mapalia,

153 3071 233 3129 OVd.
252 3078 407 3145 rhagadas.
426 3081 557 3147 rhagadas,
569 3078 620 3148 βγ.
645 3125 677 3134 ..
699 3083 810 3144 recentia,
823 3084 876 3133 Va.
896 3085 984 3136 Omitt.
997 3084 1050 3134 Ta.
1076 3126 1107 3134 ..
1130 3083 1271 3143 caribnae.

149 3146 254 3209 auribus,
266 3150 349 3200 VTd.
362 3191 393 3199 ..
414 3148 559 3214 mulieribus,
571 3153 605 3202 V.
624 3150 792 3214 emullaribus,
805 3147 896 3216 adssr.
916 3194 948 3202 ..
966 3152 999 3213 ia,
1013 3167 1064 3201 om.
1076 3168 1099 3201 a.
1120 3192 1150 3200 ..
1165 3149 1272 3214 prm‘laa,

150 3215 204 3265 Vd.
219 3215 372 3278 prmluviam,
385 3234 407 3268 a.

184 3286 198 3347 §
213 3288 268 3334 127.
287 3284 340 3345 m'to,
351 3286 407 3334 Vd.
426 3285 496 3346 intas,
509 3303 531 3336 a.
543 3327 573 3336 -
583 3286 646 3348 utile,
659 3289 711 3338 Td.
729 3285 816 3346 utilem,
829 3287 882 3336 Va
901 3285 958 3334 utile
969 3293 1010 3346 est,
1022 3281 1110 3348 βγ.-
1121 3283 1162 3344 σά,
1175 3300 1225 3334 om.
1237 3284 1272 3334 V.

183 3354 198 3415 ξ
213 3358 268 3404 128.
286 3352 448 3414 sarcocollam,
463 3347 542 3403 Osa.
560 3353 697 3416 sarcocolla,
708 3356 731 3402 d.
744 3351 882 3415 sacrocolis,
894 3355 927 3403 V.
945 3352 1093 3415 scamellum,
1104 3347 1134 3413 β.
1153 3352 1272 3403 Ceterum

149 3435 173 3469 v.
185 3421 301 3470 Dioscor.
315 3427 338 3482 ³,
352 3427 392 3472 89.
416 3461 447 3470 -
470 3420 629 3485 ψίηαε,17(1.
652 3423 863 3485 empireae...
893 3420 1049 3482 lacrimam.
1074 3461 1105 3471 ..
1130 3419 1219 3482 turia.
1239 3460 1271 3469 -

149 3487 324 3549 cumrnlnmam,
336 3489 369 3538 V.
395 3488 574 3552 commiseram,
590 3490 622 3539 T.
648 3504 800 3552 pummcram,
819 3489 929 3540 Gronov.
943 3491 1010 3552 adr.
1030 3490 1087 3541 Om.
1099 3485 1128 3552 β.
1153 3529 1184 3537 ..
1214 3484 1271 3536 Cam

148 3555 202 3604 eino
214 3563 277 3615 tusa,
290 3570 312 3605 a.
332 3557 419 3608 Omitt.
432 3558 516 3608 VTd.
535 3598 567 3606 -
585 3555 694 3617 illicitur,
706 3558 757 3607 Ta.
776 3556 900 3619 inlinitum,
912 3559 945 3607 V.
963 3556 1055 3618 illitam,
1068 3559 1092 3608 tl.
1111 3596 1144 3606 -
1161 3554 1271 3619 maxime,

149 3624 251 3674 VTad.
271 3625 360 3675 Omitt.
371 3619 422 3689 βγ.
442 3666 472 3675 ..
492 3625 610 3690 m‘prescit,
622 3627 728 3676 VTad.
746 3625 847 3674 maxime
858 3623 976 3691 nigrescit,
987 3621 1038 3691 βγ.

183 3690 197 3752 ξ
212 3698 267 3742 129.
286 3691 414 3754 abennem,
427 3694 460 3742 V.
480 3734 511 3743 ..
530 3692 632 3757 debetur,
644 3696 699 3744 Va.
717 3691 828 3757 medetur,
841 3696 864 3745 tl.
880 3736 908 3744 -
923 3693 1040 3758 oporicen,
1052 3692 1086 3742 V.
1099 3691 1212 3754 aperr'cerr,
1225 3691 1270 3742 ad.

149 3801 180 3810 ..
199 3759 264 3821 mic
276 3761 310 3810 V.
329 3801 361 3809 ..
384 3760 549 3825 stomachique,
562 3778 584 3812 a.
602 3761 752 3825 cremarique,
765 3763 799 3812 V.
821 3761 1061 3825 stomaticeque,Td.
1085 3799 1116 3808 ..
1139 3757 1223 3819 contio,
1235 3758 1269 3810 V.

150 3867 181 3876 ..
199 3825 262 3889 alba,
275 3828 326 3877 V².
340 3869 370 3877 ..
389 3828 501 3890 sextario,
514 3845 537 3879 a.
555 3830 652 3893 sectari,
664 3831 719 3880 Vd.
733 3872 763 3880 -
777 3829 846 3890 rhun,
862 3823 912 3881 80.
930 3845 983 3890 raa,
994 3830 1028 3877 V.
1048 3824 1117 3892 drpa,
1129 3843 1152 3876 a.
1165 3824 1229 3888 rbus,
1240 3821 1270 3888 β.

150 3934 180 3944 .-
200 3892 335 3959 Syriacam,
351 3889 452 3947 OVad.
472 3897 596 3962 Syriacos,
608 3894 658 3963 βγ.
679 3939 710 3947 ..
728 3899 810 3960 crocis,
823 3898 855 3947 V.
875 3939 905 3947 ..
923 3892 1127 3956 semuncia-ad,
1140 3911 1162 3946 a.
1180 3896 1269 3946 Omitt.

148 3962 204 4078 Vgl.
225 4003 254 4012 ..
268 3962 437 4081 grossitudine,
449 3966 473 4016 d.
497 4006 528 4014 -
551 3964 763 4027 commonicationc,
775 3967 809 4015 V.
834 4007 865 4015 ..
888 3965 1043 4025 arboruma.
1066 3963 1196 4025 ambonem,
1211 3956 1270 4015 GV.

148 4045 255 4092 arares,
296 4032 350 4081 Kd.

182 4100 196 4161 §
211 4103 267 4150 130.
288 4096 441 4164 Gamacdrys,
452 4100 486 4150 V.
505 4140 536 4150 ..
556 4099 658 4165 trisago,
674 4092 806 4150 avrea.
824 4098 935 4164 trr'rrapo,
945 4094 975 4160 β.
994 4140 1025 4150 ..
1044 4097 1271 4165 aliam-appella·

149 4180 209 4226 aare,
222 4167 303 4216 omitt.
316 4167 371 4217 Vd.
397 4208 427 4216 ..
450 4166 652 4232 chamaedropcm,
665 4167 782 4217 Dioscor.
795 4173 820 4229 3,
834 4173 890 4218 102.
913 4165 1098 4232 chamaeropem,
1115 4183 1131 4217 a
1147 4166 1185 4232 (et
1197 4172 1271 4219 codd.

147 4233 306 4352 indicibllbri
318 4233 404 4299 primi)
416 4249 440 4299 γ.
460 4277 492 4287 ..
515 4235 647 4299 Tartaream,
659 4252 674 4287 a
686 4233 724 4300 (et
736 4237 808 4288 codd.
820 4234 937 4301 basleti).
960 4236 1081 4299 Teucrion,
1093 4231 1145 4301 βγ.
1159 4278 1188 4289 ..
1203 4251 1272 4300 qucr-

149 4314 213 4363 atme,
265 4337 271 4352 .
