2918 4800
202 285 263 348 278
555 300 759 345 neruosus
782 298 976 345 nrsronmn

200 451 323 517 loribus
350 450 478 526 adimit,
512 472 553 514 ne
582 450 661 536 ipsis
689 450 818 533 quidem
841 451 969 515 feminis
990 451 1075 514 malo
1098 473 1157 514 suo
1185 451 1269 514 inter
1291 473 1326 514 se

201 552 405 627 inmunibus3
429 551 560 616 abortus
582 552 658 615 lacit
679 552 773 616 inlitu
795 565 850 615 aut
873 553 900 616 si
921 553 1050 617 omnino
1072 574 1255 640 praegnans
1269 575 1326 616 su·

201 653 434 740 pergradiatur.
469 650 563 733 Quae
592 652 672 717 Lais
706 667 738 717 et
767 653 956 739 Elephantis
989 654 1073 717 inter
1104 677 1139 717 se
1166 652 1327 718 contraria
1340 673 1372 716 st

201 755 371 842 prodidere
393 754 433 819 de
456 754 623 832 abortivis,
647 754 787 819 carbone
808 778 826 818 e
848 755 956 819 radice
978 755 1139 819 brassicae
1159 756 1211 819 vel
1229 754 1327 838 myrti

201 859 254 922 vel
281 857 443 921 tamaricis
469 857 503 920 in
525 879 563 920 eo
586 857 743 944 sanguiue
771 858 948 933 exstincto,
978 856 1116 940 itemque
1145 856 1254 921 asinas
1280 865 1328 918 tot
1384 872 1388 877 ·

201 960 293 1024 annis
324 982 389 1024 non
421 959 591 1044 concipere
625 969 704 1041 quot
736 981 838 1044 grana
863 959 976 1022 hordei
1012 971 1158 1024 contacta
1192 957 1326 1035 ederint,

201 1082 347 1145 quaeque
368 1060 431 1124 alia
448 1081 676 1145 nuncupavere
691 1061 889 1125 monstrifica
903 1072 957 1124 aut
972 1061 1055 1125 inter
1075 1061 1162 1146 ipsas
1177 1081 1327 1145 pugnan-

201 1163 255 1240 tia,
277 1186 352 1227 cum
372 1163 452 1226 haec
473 1161 703 1226 fecunditatem
724 1161 795 1226 fieri
815 1163 930 1227 iisdem
944 1163 1049 1228 modis
1068 1162 1188 1247 quibus
1209 1160 1326 1226 sterili·

202 1277 302 1330 tatem
322 1265 376 1329 illa
397 1263 628 1349 pronuntiaret,
650 1264 764 1328 melius
787 1279 836 1329 est
858 1287 921 1329 non
944 1266 1083 1329 credere.
1106 1263 1222 1329 Bithus
1236 1263 1327 1326 Dur·
1341 1283 1375 1328 ss

201 1367 358 1432 rachenus
383 1365 532 1432 hebetata
559 1366 716 1452 adspectu
745 1369 873 1452 specula
901 1367 1044 1452 recipere
1071 1367 1207 1431 nitorem
1229 1365 1329 1429 tradit

202 1467 316 1532 iisdem
333 1490 448 1532 aversa
467 1491 564 1533 rusus
579 1468 803 1534 contuentibus
818 1491 1006 1553 omnemque
1018 1469 1085 1533 vim
1099 1469 1195 1532 talem
1208 1466 1328 1532 resolvi

204 1568 231 1634 si
260 1569 392 1633 mullum
418 1569 540 1655 piscem
571 1592 680 1634 secum
706 1569 861 1647 habeant3
892 1571 984 1634 multi
1006 1593 1082 1636 vero
1103 1571 1209 1634 inesse
1232 1569 1328 1633 etiam

202 1669 345 1734 remedia
372 1681 460 1735 tanto
488 1672 588 1750 malo,
616 1654 769 1758 podagris
794 1672 901 1749 inlini,
930 1684 1069 1737 strumas
1099 1684 1131 1738 et
1152 1670 1326 1757 parotidas,

203 1794 316 1856 panos,
339 1794 445 1838 sacros
465 1773 562 1859 ignis,
584 1773 782 1851 furunculos,
806 1773 979 1859 epiphoras
1001 1784 1141 1837 tractatu
1156 1772 1325 1836 mulierum

205 1896 315 1938 earum
342 1875 435 1939 leniri
442 1899 450 1950 ;
484 1874 565 1939 Lais
595 1886 628 1939 et
656 1873 755 1958 Salpe
783 1897 898 1938 canum
924 1875 1126 1939 rabiosorum
1147 1896 1273 1938 morsus
1295 1884 1329 1936 et

205 1976 356 2040 tertianas
385 1986 620 2060 quartanasque
649 1977 747 2041 febris
776 1988 939 2040 menstruo
960 1976 994 2039 in
1015 1976 1089 2040 lana
1110 1976 1220 2040 arietis
1241 1974 1328 2060 nigri

205 2088 356 2162 argenteo
382 2077 556 2141 bracchiali
577 2077 715 2153 incluso;
748 2076 913 2141 Diotimus
934 2076 1107 2141 Thebanus
1129 2078 1179 2141 vel
1200 2076 1329 2141 omuino
1342 2094 1375 2138 ss

205 2179 304 2243 vestis
329 2179 374 2243 ita
394 2179 530 2243 infectae
551 2177 757 2264 portiuncula
776 2200 815 2242 ac
835 2180 887 2244 vel
907 2179 982 2243 licio
1004 2177 1177 2243 bracchiali
1198 2179 1328 2242 inserto.

207 2276 315 2343 Sotira
342 2279 496 2345 obstetrix
526 2279 671 2343 tertianis
701 2280 930 2363 quartanisque
962 2279 1215 2344 efficacissimum
1247 2279 1330 2343 dixit

205 2381 331 2464 plantas
358 2381 464 2468 aegris
488 2381 654 2466 supterlini
676 2381 842 2465 multoque
864 2381 1025 2446 efficacius
1046 2381 1175 2466 abipsa
1196 2379 1329 2444 muliere

207 2491 237 2543 et
252 2480 431 2565 ignoranti3
455 2482 502 2546 sic
517 2494 548 2546 et
563 2482 731 2547 comitialis
746 2483 889 2547 excitari.
912 2482 1052 2547 Icetidas
1072 2482 1216 2547 medicus
1229 2503 1328 2565 quar-

208 2591 298 2644 tanas
319 2582 405 2647 finiri
426 2583 521 2659 coitu,
542 2583 772 2669 incipientibus
795 2583 960 2647 dumtaxat
981 2583 1165 2660 menstruis,
1189 2605 1329 2668 spopon-

208 2680 271 2757 dit3
294 2682 377 2746 inter
399 2683 502 2748 omnis
525 2706 602 2749 vero
624 2685 783 2761 convenit,
807 2684 835 2748 si
857 2706 940 2768 aqua
962 2696 1121 2768 potusque
1143 2683 1331 2749 formidetur
1344 2702 1377 2746 st

208 2805 227 2845 a
249 2805 358 2847 morsu
380 2784 483 2862 canis,
518 2786 685 2871 supposita
707 2797 831 2849 tantum
854 2786 944 2850 calici
972 2786 1089 2851 lacinia
1117 2785 1189 2863 tali,
1224 2784 1331 2849 statim

241 2965 348 3053 araca,
361 2994 422 3043 vn.
445 2967 565 3055 aaran,
577 2997 594 3044 a
606 2991 691 3054 (core.
705 2993 775 3056 aa.)
786 2991 836 3059 ar.
856 3037 888 3044 -
907 2994 979 3056 tura,
992 2996 1043 3046 ra.
1062 2993 1150 3054 itan,
1163 2995 1224 3044 va.
1244 3034 1274 3043 -
1291 3009 1330 3040 a·

206 3058 384 3124 perpradiatnr,
397 3062 458 3110 VR.
476 3059 678 3124 superarediatnr,
691 3058 761 3127 dssr.
780 3063 900 3113 Oeterum
912 3079 936 3113 v.
948 3065 1064 3114 Dioscor.
1079 3071 1102 3124 2,
1116 3068 1156 3113 st.

242 3155 309 3217 581.
327 3151 391 3202 Lais
402 3162 425 3201 et
435 3152 588 3218 Elephanti,
605 3157 678 3204 codd.
691 3156 748 3207 Gel.
770 3154 834 3204 Lair
849 3163 872 3203 et
886 3154 1005 3220 Elepatis,
1018 3158 1042 3205 d.
1060 3154 1123 3204 Lais
1135 3163 1157 3202 et
1171 3151 1284 3218 Clepatis,
1296 3153 1330 3203 V.

207 3219 286 3284 Lapis
298 3229 320 3268 ct
330 3219 482 3284 Elephantis,
494 3223 526 3272 R.
545 3263 576 3273 ...
596 3222 657 3271 inter
668 3240 701 3283 se,
714 3240 764 3273 om.
776 3224 809 3273 K.
829 3265 860 3273 ..
878 3222 915 3285 dc,
930 3225 1011 3273 omitt.
1023 3224 1108 3273 VRd.
1123 3264 1153 3272 -
1171 3221 1285 3281 abortivo,
1296 3221 1329 3270 K

210 3330 240 3336 -
260 3286 375 3348 eradico,
392 3291 423 3339 R.
446 3305 476 3338 ac
493 3287 583 3350 radice,
600 3291 656 3339 Vd.
676 3333 706 3341 ..
730 3289 768 3341 vel
782 3292 860 3356 myrti,
877 3293 953 3342 VRd
971 3290 1056 3354 (codd.
1074 3289 1144 3352 Gel.)
1166 3288 1204 3338 vel
1219 3288 1330 3353 myricae,

208 3356 311 3406 Barbar.
331 3398 361 3405 ..
380 3355 487 3420 itemque,
499 3358 613 3408 VRTd.
633 3358 693 3416 item,
705 3353 757 3488 ββ.
774 3400 802 3409 ,.
818 3367 851 3407 tot
861 3360 933 3407 annis
944 3376 989 3407 non
1001 3357 1128 3421 concipere,
1139 3359 1192 3407 Rd.
1210 3356 1331 3419 concipere

700 3463 706 3487 ³
744 3441 769 3491 Γ·

210 3430 242 3470 tot
253 3423 330 3481 annis,
343 3424 376 3472 V.
395 3440 440 3471 non
453 3425 573 3487 concipere
586 3432 618 3473 tot
629 3426 699 3473 annis
782 3467 811 3476 .„
822 3425 893 3489 qaod,
905 3428 938 3476 V.
958 3469 988 3476 -
996 3441 1165 3489 macarianae,
1177 3425 1211 3476 V.
1220 3466 1252 3472 -
1262 3422 1330 3470 steri-

210 3488 300 3538 litatem
313 3489 363 3550 illa,
376 3491 460 3540 VRd.
479 3490 523 3540 illa
534 3491 690 3554 sterilitatem,
708 3497 780 3544 codd.
798 3495 855 3545 Gel.
869 3489 920 3558 βγ.
945 3536 975 3543 -
997 3493 1168 3556 pronuntiaret,
1186 3493 1259 3541 codd.
1273 3490 1331 3541 Gel.

205 3558 395 3620 praenuntiaret,
415 3555 546 3623 Vltoris.
566 3601 596 3608 -
616 3567 656 3620 cst,
669 3562 722 3611 Rd.
742 3563 830 3612 Omin.
847 3555 907 3614 GV·

243 3652 257 3712 ξ
271 3656 311 3699 82.
330 3649 427 3710 Bitias,
439 3653 464 3701 V
474 3651 561 3714 (codd.
578 3652 669 3715 optimi
682 3654 709 3702 in
724 3655 806 3704 indice
820 3656 879 3704 libri
887 3651 984 3718 primi).
1002 3652 1104 3718 Bythos,
1113 3648 1192 3714 Rdss.
1211 3651 1298 3716 Bptas,
1307 3666 1331 3714 r.

209 3719 276 3767 Add.
288 3717 395 3768 Salmas.
406 3733 489 3768 exerc.
499 3735 523 3782 p.
534 3724 575 3767 20.
584 3721 608 3768 b.
618 3721 650 3770 D.
664 3761 696 3770 ..
708 3721 872 3782 Darachinns,
884 3723 916 3772 R.
928 3720 1092 3786 Dyrrachinos,
1102 3723 1136 3770 V.
1149 3721 1295 3785 Dpracinas,
1308 3722 1332 3768 d.

212 3826 236 3833 -
253 3783 407 3846 hebetata,R.
421 3785 518 3847 hebetat,
526 3788 550 3835 d.
563 3787 645 3847 ebetat,
652 3788 686 3838 V.
699 3787 805 3838 hebetari
811 3788 1060 3854 aspectnspecnlornm
1069 3789 1180 3849 nitorem;
1190 3787 1270 3837 it'sdem
1279 3804 1332 3835 rar-

209 3869 249 3900 sas
261 3849 364 3901 adversa
376 3854 536 3902 contuentibus
549 3870 636 3903 omnem
649 3854 703 3916 vim,
715 3858 819 3908 Barbur.
840 3900 870 3906 -
889 3865 1005 3920 aspectus,
1018 3861 1042 3908 d.
1061 3899 1093 3907 ..
1112 3873 1218 3918 aversas,
1230 3857 1281 3905 Vi.
1300 3895 1330 3902 ..
1359 3873 1367 3886 ·

210 3936 287 3979 rasas,
300 3921 332 3969 V.
350 3937 441 3981 rnrsna,
454 3918 554 3985 Rdssy.
576 3962 606 3971 ..
628 3923 698 3983 malo,
714 3916 794 3976 OVd.
812 3925 897 3989 manis,
914 3926 939 3974 R
955 3924 1006 3990 (qis
1017 3926 1044 3975 in
1056 3923 1167 3986 rasura).
1186 3921 1248 3972 molo
1259 3922 1333 3979 aiant,

210 3982 260 4050 fir·
283 4028 312 4036 -
328 3987 454 4052 podaqris,
467 3989 553 4039 VRd.
570 3989 702 4056 podcqras,
715 3987 766 4057 βγ.
781 4035 811 4042 ..
821 4009 906 4057 panos,
918 3993 950 4043 R.
969 4001 992 4042 ct
999 4009 1085 4056 panos,
1098 3993 1153 4041 Vd.
1167 4032 1197 4040 -
1211 3987 1333 4038 nauticam

212 4069 299 4111 earnm,
312 4055 395 4105 VRd.
415 4072 495 4104 caram
506 4055 636 4117 rnnlieram,
648 4055 698 4122 βγ.

244 4141 311 4200 583.
336 4138 373 4187 ael
389 4140 479 4189 omnino
497 4142 575 4203 vestis,
592 4137 701 4194 ORTd.
724 4143 761 4193 vel
777 4146 870 4193 omnino
887 4152 968 4206 vestes,
985 4146 1018 4194 V.
1043 4145 1113 4193 vestis
1128 4141 1228 4202 omnino,
1245 4136 1274 4201 β.
1302 4181 1331 4188 ..

208 4204 366 4267 portiuncula,
376 4208 407 4256 R.
418 4209 529 4270 porcione
540 4208 598 4270 alla,
610 4212 642 4260 V.
653 4211 764 4274 portione
772 4211 829 4274 nllrr,
839 4214 864 4262 d.
875 4253 906 4262 -.
916 4211 954 4261 vel
965 4211 1026 4274 licio,
1036 4213 1141 4262 Barbar.
1155 4222 1180 4260 et
1191 4212 1265 4259 codd.
1277 4209 1333 4260 Get.

211 4270 247 4319 vel
261 4271 353 4335 peticio,
375 4267 476 4326 9VR¹.
501 4277 537 4326 vel
550 4276 655 4342 pellicio,
672 4279 773 4329 R²Td.
795 4321 819 4328 -
842 4279 937 4341 inserto,
956 4280 1060 4332 Gesner.
1078 4280 1332 4336 histanim.1‚1ss.

172 4424 335 4520 A
