<?xml version="1.0" encoding="UTF-8"?>
<!DOCTYPE html PUBLIC "-//W3C//DTD XHTML 1.0 Transitional//EN"
    "http://www.w3.org/TR/xhtml1/DTD/xhtml1-transitional.dtd">
<html xmlns="http://www.w3.org/1999/xhtml" xml:lang="en" lang="en">
 <head>
  <title>
</title>
<meta http-equiv="Content-Type" content="text/html;charset=utf-8" />
  <meta name='ocr-system' content='tesseract 3.04.00' />
  <meta name='ocr-capabilities' content='ocr_page ocr_carea ocr_par ocr_line ocrx_word'/>
</head>
<body>
  <div class='ocr_page' id='page_1' title='image "./cplinisecundina10plingoog_0136.png"; bbox 0 0 2918 4800; ppageno 0'>
   <div class='ocr_carea' id='block_1_1' title="bbox 435 296 1277 361">
    <p class='ocr_par' dir='ltr' id='par_1_1' title="bbox 435 296 1277 361">
     <span class='ocr_line' id='line_1_1' title="bbox 435 296 1277 361; baseline 0 -1"><span class='ocrx_word' id='word_1_1' title='bbox 435 315 503 361; x_wconf 81' lang='lat' dir='ltr'>sm.</span> <span class='ocrx_word' id='word_1_2' title='bbox 519 313 605 361; x_wconf 85' lang='lat' dir='ltr'><strong>xxv.</strong></span> <span class='ocrx_word' id='word_1_3' title='bbox 634 311 712 360; x_wconf 78' lang='lat' dir='ltr'>cnr.</span> <span class='ocrx_word' id='word_1_4' title='bbox 729 313 776 361; x_wconf 82' lang='lat' dir='ltr'>vr.</span> <span class='ocrx_word' id='word_1_5' title='bbox 808 311 905 361; x_wconf 84' lang='lat' dir='ltr'>sacr.</span> <span class='ocrx_word' id='word_1_6' title='bbox 921 314 1003 358; x_wconf 60' lang='lat' dir='ltr'>aas.</span> <span class='ocrx_word' id='word_1_7' title='bbox 1216 296 1277 360; x_wconf 75' lang='lat'>125</span> 
     </span>
    </p>
   </div>
   <div class='ocr_carea' id='block_1_2' title="bbox 153 461 1326 2369">
    <p class='ocr_par' dir='ltr' id='par_1_2' title="bbox 153 461 1323 1745">
     <span class='ocr_line' id='line_1_2' title="bbox 156 461 1277 552; baseline -0.003 -21"><span class='ocrx_word' id='word_1_8' title='bbox 156 464 242 552; x_wconf 88' lang='lat' dir='ltr'>cepti</span> <span class='ocrx_word' id='word_1_9' title='bbox 264 463 405 550; x_wconf 94' lang='lat' dir='ltr'>hospitio</span> <span class='ocrx_word' id='word_1_10' title='bbox 426 465 635 550; x_wconf 75' lang='lat' dir='ltr'>pertractanti</span> <span class='ocrx_word' id='word_1_11' title='bbox 662 486 751 529; x_wconf 87' lang='lat' dir='ltr'>arma</span> <span class='ocrx_word' id='word_1_12' title='bbox 778 464 896 550; x_wconf 86' lang='lat' dir='ltr'>sagitta</span> <span class='ocrx_word' id='word_1_13' title='bbox 921 461 1092 529; x_wconf 79' lang='lat' dir='ltr'>excidisset</span> <span class='ocrx_word' id='word_1_14' title='bbox 1113 463 1143 528; x_wconf 92' lang='lat' dir='ltr'>ei</span> <span class='ocrx_word' id='word_1_15' title='bbox 1163 463 1197 527; x_wconf 90' lang='lat' dir='ltr'>in</span> <span class='ocrx_word' id='word_1_16' title='bbox 1218 483 1277 547; x_wconf 88' lang='lat' dir='ltr'>pe-</span> 
     </span>
     <span class='ocr_line' id='line_1_3' title="bbox 156 563 1277 650; baseline -0.001 -19"><span class='ocrx_word' id='word_1_17' title='bbox 156 567 241 645; x_wconf 88' lang='lat' dir='ltr'>dem,</span> <span class='ocrx_word' id='word_1_18' title='bbox 271 587 370 650; x_wconf 86' lang='lat' dir='ltr'>quare</span> <span class='ocrx_word' id='word_1_19' title='bbox 392 566 491 650; x_wconf 80' lang='lat' dir='ltr'>aliqui</span> <span class='ocrx_word' id='word_1_20' title='bbox 514 563 690 632; x_wconf 91' lang='lat' dir='ltr'>Chironion</span> <span class='ocrx_word' id='word_1_21' title='bbox 713 576 837 631; x_wconf 89' lang='lat' dir='ltr'>vocant.</span> <span class='ocrx_word' id='word_1_22' title='bbox 874 563 967 629; x_wconf 83' lang='lat' dir='ltr'>Folia</span> <span class='ocrx_word' id='word_1_23' title='bbox 989 573 1064 629; x_wconf 91' lang='lat' dir='ltr'>sunt</span> <span class='ocrx_word' id='word_1_24' title='bbox 1082 564 1146 628; x_wconf 84' lang='lat' dir='ltr'>lata</span> <span class='ocrx_word' id='word_1_25' title='bbox 1167 573 1199 629; x_wconf 90' lang='lat' dir='ltr'>ct</span> <span class='ocrx_word' id='word_1_26' title='bbox 1219 563 1277 630; x_wconf 94' lang='lat' dir='ltr'>ob·</span> 
     </span>
     <span class='ocr_line' id='line_1_4' title="bbox 153 663 1277 754; baseline -0.004 -22"><span class='ocrx_word' id='word_1_27' title='bbox 153 668 260 754; x_wconf 86' lang='lat' dir='ltr'>longa,</span> <span class='ocrx_word' id='word_1_28' title='bbox 285 676 405 732; x_wconf 87' lang='lat' dir='ltr'>serrato</span> <span class='ocrx_word' id='word_1_29' title='bbox 427 667 559 745; x_wconf 88' lang='lat' dir='ltr'>ambitu,</span> <span class='ocrx_word' id='word_1_30' title='bbox 582 667 682 732; x_wconf 89' lang='lat' dir='ltr'>densa</span> <span class='ocrx_word' id='word_1_31' title='bbox 703 664 745 731; x_wconf 90' lang='lat' dir='ltr'>ab</span> <span class='ocrx_word' id='word_1_32' title='bbox 765 665 885 743; x_wconf 86' lang='lat' dir='ltr'>radice,</span> <span class='ocrx_word' id='word_1_33' title='bbox 909 665 1017 731; x_wconf 87' lang='lat' dir='ltr'>caules</span> <span class='ocrx_word' id='word_1_34' title='bbox 1038 676 1164 731; x_wconf 86' lang='lat' dir='ltr'>ternum</span> <span class='ocrx_word' id='word_1_35' title='bbox 1186 663 1277 730; x_wconf 90' lang='lat' dir='ltr'>cubi-</span> 
     </span>
     <span class='ocr_line' id='line_1_5' title="bbox 155 765 1278 855; baseline -0.005 -21"><span class='ocrx_word' id='word_1_36' title='bbox 155 779 270 846; x_wconf 85' lang='lat' dir='ltr'>torum,</span> <span class='ocrx_word' id='word_1_37' title='bbox 292 768 480 855; x_wconf 85' lang='lat' dir='ltr'>geniculati3</span> <span class='ocrx_word' id='word_1_38' title='bbox 503 768 537 832; x_wconf 91' lang='lat' dir='ltr'>in</span> <span class='ocrx_word' id='word_1_39' title='bbox 559 767 610 833; x_wconf 91' lang='lat' dir='ltr'>his</span> <span class='ocrx_word' id='word_1_40' title='bbox 631 769 737 854; x_wconf 85' lang='lat' dir='ltr'>capita</span> <span class='ocrx_word' id='word_1_41' title='bbox 755 789 814 832; x_wconf 89' lang='lat' dir='ltr'>ceu</span> <span class='ocrx_word' id='word_1_42' title='bbox 829 788 1041 852; x_wconf 69' lang='lat' dir='ltr'>papaverum</span> <span class='ocrx_word' id='word_1_43' title='bbox 1064 765 1156 830; x_wconf 87' lang='lat' dir='ltr'>radix</span> <span class='ocrx_word' id='word_1_44' title='bbox 1177 775 1278 843; x_wconf 88' lang='lat' dir='ltr'>vasta,</span> 
     </span>
     <span class='ocr_line' id='line_1_6' title="bbox 154 866 1277 957; baseline -0.004 -23"><span class='ocrx_word' id='word_1_45' title='bbox 154 869 339 947; x_wconf 90' lang='lat' dir='ltr'>rubescens,</span> <span class='ocrx_word' id='word_1_46' title='bbox 367 879 478 935; x_wconf 87' lang='lat' dir='ltr'>tenera</span> <span class='ocrx_word' id='word_1_47' title='bbox 500 869 699 957; x_wconf 83' lang='lat' dir='ltr'>fragilisque,</span> <span class='ocrx_word' id='word_1_48' title='bbox 727 869 768 932; x_wconf 89' lang='lat' dir='ltr'>ad</span> <span class='ocrx_word' id='word_1_49' title='bbox 791 867 867 932; x_wconf 90' lang='lat' dir='ltr'>bina</span> <span class='ocrx_word' id='word_1_50' title='bbox 889 867 1009 944; x_wconf 83' lang='lat' dir='ltr'>cubita,</span> <span class='ocrx_word' id='word_1_51' title='bbox 1038 866 1167 931; x_wconf 88' lang='lat' dir='ltr'>madida</span> <span class='ocrx_word' id='word_1_52' title='bbox 1189 887 1277 943; x_wconf 93' lang='lat' dir='ltr'>suco,</span> 
     </span>
     <span class='ocr_line' id='line_1_7' title="bbox 155 967 1323 1055; baseline -0.007 -19"><span class='ocrx_word' id='word_1_53' title='bbox 155 992 263 1036; x_wconf 86' lang='lat' dir='ltr'>amara</span> <span class='ocrx_word' id='word_1_54' title='bbox 283 993 357 1036; x_wconf 92' lang='lat' dir='ltr'>cum</span> <span class='ocrx_word' id='word_1_55' title='bbox 377 971 516 1055; x_wconf 85' lang='lat' dir='ltr'>quadam</span> <span class='ocrx_word' id='word_1_56' title='bbox 545 970 725 1036; x_wconf 83' lang='lat' dir='ltr'>dulcedine.</span> <span class='ocrx_word' id='word_1_57' title='bbox 760 967 913 1035; x_wconf 84' lang='lat' dir='ltr'>Nascitur</span> <span class='ocrx_word' id='word_1_58' title='bbox 941 968 976 1033; x_wconf 92' lang='lat' dir='ltr'>in</span> <span class='ocrx_word' id='word_1_59' title='bbox 1003 968 1137 1034; x_wconf 89' lang='lat' dir='ltr'>collibus</span> <span class='ocrx_word' id='word_1_60' title='bbox 1164 967 1278 1055; x_wconf 89' lang='lat' dir='ltr'>pingui</span> <span class='ocrx_word' id='word_1_61' title='bbox 1292 983 1323 1028; x_wconf 74' lang='lat' dir='ltr'>st</span> 
     </span>
     <span class='ocr_line' id='line_1_8' title="bbox 156 1068 1279 1149; baseline -0.006 -11"><span class='ocrx_word' id='word_1_62' title='bbox 156 1071 238 1148; x_wconf 89' lang='lat' dir='ltr'>solo,</span> <span class='ocrx_word' id='word_1_63' title='bbox 264 1071 485 1136; x_wconf 89' lang='lat' dir='ltr'>laudatissima</span> <span class='ocrx_word' id='word_1_64' title='bbox 506 1072 539 1136; x_wconf 93' lang='lat' dir='ltr'>in</span> <span class='ocrx_word' id='word_1_65' title='bbox 561 1071 718 1149; x_wconf 86' lang='lat' dir='ltr'>Arcadia,</span> <span class='ocrx_word' id='word_1_66' title='bbox 748 1069 862 1147; x_wconf 88' lang='lat' dir='ltr'>Elide,</span> <span class='ocrx_word' id='word_1_67' title='bbox 891 1068 1074 1147; x_wconf 87' lang='lat' dir='ltr'>Messenia,</span> <span class='ocrx_word' id='word_1_68' title='bbox 1103 1068 1224 1133; x_wconf 88' lang='lat' dir='ltr'>Pholoe</span> <span class='ocrx_word' id='word_1_69' title='bbox 1246 1079 1279 1132; x_wconf 91' lang='lat' dir='ltr'>et</span> 
     </span>
     <span class='ocr_line' id='line_1_9' title="bbox 155 1167 1279 1258; baseline -0.004 -23"><span class='ocrx_word' id='word_1_70' title='bbox 155 1170 286 1256; x_wconf 88' lang='lat' dir='ltr'>Lycaeo</span> <span class='ocrx_word' id='word_1_71' title='bbox 306 1183 339 1238; x_wconf 87' lang='lat' dir='ltr'>et</span> <span class='ocrx_word' id='word_1_72' title='bbox 360 1172 394 1237; x_wconf 95' lang='lat' dir='ltr'>in</span> <span class='ocrx_word' id='word_1_73' title='bbox 409 1172 550 1258; x_wconf 78' lang='lat' dir='ltr'>Alpibus</span> <span class='ocrx_word' id='word_1_74' title='bbox 572 1194 648 1238; x_wconf 88' lang='lat' dir='ltr'>vero</span> <span class='ocrx_word' id='word_1_75' title='bbox 670 1171 892 1258; x_wconf 87' lang='lat' dir='ltr'>plurumisque</span> <span class='ocrx_word' id='word_1_76' title='bbox 914 1170 985 1235; x_wconf 89' lang='lat' dir='ltr'>aliis</span> <span class='ocrx_word' id='word_1_77' title='bbox 1005 1169 1101 1246; x_wconf 85' lang='lat' dir='ltr'>locis3</span> <span class='ocrx_word' id='word_1_78' title='bbox 1124 1169 1158 1233; x_wconf 92' lang='lat' dir='ltr'>in</span> <span class='ocrx_word' id='word_1_79' title='bbox 1174 1167 1279 1252; x_wconf 86' lang='lat' dir='ltr'>Lycia</span> 
     </span>
     <span class='ocr_line' id='line_1_10' title="bbox 156 1269 1279 1357; baseline -0.004 -20"><span class='ocrx_word' id='word_1_80' title='bbox 156 1273 285 1356; x_wconf 89' lang='lat' dir='ltr'>quidem</span> <span class='ocrx_word' id='word_1_81' title='bbox 311 1295 352 1338; x_wconf 88' lang='lat' dir='ltr'>ex</span> <span class='ocrx_word' id='word_1_82' title='bbox 380 1295 419 1338; x_wconf 92' lang='lat' dir='ltr'>ea</span> <span class='ocrx_word' id='word_1_83' title='bbox 440 1273 581 1357; x_wconf 87' lang='lat' dir='ltr'>Lycium</span> <span class='ocrx_word' id='word_1_84' title='bbox 610 1273 744 1339; x_wconf 80' lang='lat' dir='ltr'>faciunt.</span> <span class='ocrx_word' id='word_1_85' title='bbox 781 1271 843 1337; x_wconf 91' lang='lat' dir='ltr'>Vis</span> <span class='ocrx_word' id='word_1_86' title='bbox 865 1272 899 1336; x_wconf 89' lang='lat' dir='ltr'>in</span> <span class='ocrx_word' id='word_1_87' title='bbox 920 1269 1105 1337; x_wconf 88' lang='lat' dir='ltr'>volneribus</span> <span class='ocrx_word' id='word_1_88' title='bbox 1134 1279 1222 1334; x_wconf 86' lang='lat' dir='ltr'>tanta</span> <span class='ocrx_word' id='word_1_89' title='bbox 1242 1279 1279 1333; x_wconf 87' lang='lat' dir='ltr'>ut</span> 
     </span>
     <span class='ocr_line' id='line_1_11' title="bbox 156 1370 1280 1456; baseline -0.005 -16"><span class='ocrx_word' id='word_1_90' title='bbox 156 1373 378 1440; x_wconf 83' lang='lat' dir='ltr'>cohaerescere</span> <span class='ocrx_word' id='word_1_91' title='bbox 406 1373 502 1439; x_wconf 89' lang='lat' dir='ltr'>etiam</span> <span class='ocrx_word' id='word_1_92' title='bbox 530 1375 634 1439; x_wconf 89' lang='lat' dir='ltr'>carnis</span> <span class='ocrx_word' id='word_1_93' title='bbox 662 1374 816 1452; x_wconf 87' lang='lat' dir='ltr'>tradatur,</span> <span class='ocrx_word' id='word_1_94' title='bbox 845 1372 873 1438; x_wconf 93' lang='lat' dir='ltr'>si</span> <span class='ocrx_word' id='word_1_95' title='bbox 896 1383 1073 1456; x_wconf 83' lang='lat' dir='ltr'>coquantur</span> <span class='ocrx_word' id='word_1_96' title='bbox 1099 1371 1203 1436; x_wconf 91' lang='lat' dir='ltr'>simul.</span> <span class='ocrx_word' id='word_1_97' title='bbox 1239 1370 1280 1434; x_wconf 89' lang='lat' dir='ltr'>In</span> 
     </span>
     <span class='ocr_line' id='line_1_12' title="bbox 156 1472 1277 1558; baseline -0.005 -16"><span class='ocrx_word' id='word_1_98' title='bbox 156 1498 218 1542; x_wconf 93' lang='lat' dir='ltr'>usu</span> <span class='ocrx_word' id='word_1_99' title='bbox 239 1476 333 1542; x_wconf 83' lang='lat' dir='ltr'>radix</span> <span class='ocrx_word' id='word_1_100' title='bbox 355 1486 478 1541; x_wconf 85' lang='lat' dir='ltr'>tantum</span> <span class='ocrx_word' id='word_1_101' title='bbox 499 1475 626 1541; x_wconf 88' lang='lat' dir='ltr'>duabus</span> <span class='ocrx_word' id='word_1_102' title='bbox 648 1475 809 1541; x_wconf 83' lang='lat' dir='ltr'>drachmis</span> <span class='ocrx_word' id='word_1_103' title='bbox 834 1473 976 1540; x_wconf 89' lang='lat' dir='ltr'>bibenda</span> <span class='ocrx_word' id='word_1_104' title='bbox 997 1472 1115 1558; x_wconf 92' lang='lat' dir='ltr'>quibus</span> <span class='ocrx_word' id='word_1_105' title='bbox 1137 1473 1277 1550; x_wconf 82' lang='lat' dir='ltr'>dicetur3</span> 
     </span>
     <span class='ocr_line' id='line_1_13' title="bbox 156 1575 1279 1660; baseline -0.003 -17"><span class='ocrx_word' id='word_1_106' title='bbox 156 1578 183 1643; x_wconf 94' lang='lat' dir='ltr'>si</span> <span class='ocrx_word' id='word_1_107' title='bbox 205 1577 306 1643; x_wconf 87' lang='lat' dir='ltr'>febris</span> <span class='ocrx_word' id='word_1_108' title='bbox 328 1577 380 1655; x_wconf 91' lang='lat' dir='ltr'>sit,</span> <span class='ocrx_word' id='word_1_109' title='bbox 402 1576 436 1642; x_wconf 90' lang='lat' dir='ltr'>in</span> <span class='ocrx_word' id='word_1_110' title='bbox 458 1598 542 1660; x_wconf 87' lang='lat' dir='ltr'>aqua</span> <span class='ocrx_word' id='word_1_111' title='bbox 564 1577 639 1643; x_wconf 86' lang='lat' dir='ltr'>trita</span> <span class='ocrx_word' id='word_1_112' title='bbox 652 1577 811 1654; x_wconf 88' lang='lat' dir='ltr'>medetur,</span> <span class='ocrx_word' id='word_1_113' title='bbox 834 1576 948 1642; x_wconf 84' lang='lat' dir='ltr'>ceteris</span> <span class='ocrx_word' id='word_1_114' title='bbox 962 1576 996 1641; x_wconf 94' lang='lat' dir='ltr'>in</span> <span class='ocrx_word' id='word_1_115' title='bbox 1011 1576 1096 1653; x_wconf 90' lang='lat' dir='ltr'>vino,</span> <span class='ocrx_word' id='word_1_116' title='bbox 1117 1575 1279 1642; x_wconf 89' lang='lat' dir='ltr'>etiisdem</span> 
     </span>
     <span class='ocr_line' id='line_1_14' title="bbox 155 1678 601 1745; baseline 0 -1"><span class='ocrx_word' id='word_1_117' title='bbox 155 1678 303 1744; x_wconf 86' lang='lat' dir='ltr'>omnibus</span> <span class='ocrx_word' id='word_1_118' title='bbox 324 1679 473 1744; x_wconf 75' lang='lat' dir='ltr'>decoctae</span> <span class='ocrx_word' id='word_1_119' title='bbox 496 1701 601 1745; x_wconf 91' lang='lat' dir='ltr'>sucus.</span> 
     </span>
    </p>

    <p class='ocr_par' dir='ltr' id='par_1_3' title="bbox 155 1779 1326 2369">
     <span class='ocr_line' id='line_1_15' title="bbox 197 1779 1326 1868; baseline -0.006 -23"><span class='ocrx_word' id='word_1_120' title='bbox 197 1783 250 1845; x_wconf 77' lang='lat'>31.</span> <span class='ocrx_word' id='word_1_121' title='bbox 273 1779 333 1844; x_wconf 83' lang='lat' dir='ltr'>Est</span> <span class='ocrx_word' id='word_1_122' title='bbox 353 1779 488 1845; x_wconf 83' lang='lat' dir='ltr'>alterum</span> <span class='ocrx_word' id='word_1_123' title='bbox 510 1781 696 1845; x_wconf 83' lang='lat' dir='ltr'>centaurion</span> <span class='ocrx_word' id='word_1_124' title='bbox 719 1781 908 1868; x_wconf 82' lang='lat' dir='ltr'>cognomine</span> <span class='ocrx_word' id='word_1_125' title='bbox 929 1780 1049 1866; x_wconf 92' lang='lat' dir='ltr'>lepton,</span> <span class='ocrx_word' id='word_1_126' title='bbox 1073 1779 1204 1844; x_wconf 88' lang='lat' dir='ltr'>minutis</span> <span class='ocrx_word' id='word_1_127' title='bbox 1226 1779 1278 1843; x_wconf 87' lang='lat' dir='ltr'>fo·</span> <span class='ocrx_word' id='word_1_128' title='bbox 1293 1794 1326 1839; x_wconf 85' lang='lat' dir='ltr'>os</span> 
     </span>
     <span class='ocr_line' id='line_1_16' title="bbox 155 1879 1280 1966; baseline -0.003 -21"><span class='ocrx_word' id='word_1_129' title='bbox 155 1881 220 1958; x_wconf 89' lang='lat' dir='ltr'>liis,</span> <span class='ocrx_word' id='word_1_130' title='bbox 249 1881 336 1964; x_wconf 89' lang='lat' dir='ltr'>quod</span> <span class='ocrx_word' id='word_1_131' title='bbox 357 1880 453 1965; x_wconf 90' lang='lat' dir='ltr'>aliqui</span> <span class='ocrx_word' id='word_1_132' title='bbox 475 1881 615 1947; x_wconf 84' lang='lat' dir='ltr'>libadion</span> <span class='ocrx_word' id='word_1_133' title='bbox 643 1893 770 1960; x_wconf 88' lang='lat' dir='ltr'>vocant,</span> <span class='ocrx_word' id='word_1_134' title='bbox 798 1883 949 1966; x_wconf 88' lang='lat' dir='ltr'>quoniam</span> <span class='ocrx_word' id='word_1_135' title='bbox 978 1880 1154 1946; x_wconf 89' lang='lat' dir='ltr'>secundum</span> <span class='ocrx_word' id='word_1_136' title='bbox 1181 1879 1280 1943; x_wconf 89' lang='lat' dir='ltr'>fontis</span> 
     </span>
     <span class='ocr_line' id='line_1_17' title="bbox 156 1978 1276 2070; baseline -0.004 -23"><span class='ocrx_word' id='word_1_137' title='bbox 156 1982 307 2060; x_wconf 88' lang='lat' dir='ltr'>nascitur,</span> <span class='ocrx_word' id='word_1_138' title='bbox 336 1983 469 2070; x_wconf 88' lang='lat' dir='ltr'>origano</span> <span class='ocrx_word' id='word_1_139' title='bbox 497 1982 611 2061; x_wconf 89' lang='lat' dir='ltr'>simile,</span> <span class='ocrx_word' id='word_1_140' title='bbox 639 1983 880 2070; x_wconf 84' lang='lat' dir='ltr'>angustioribus</span> <span class='ocrx_word' id='word_1_141' title='bbox 908 1994 941 2048; x_wconf 91' lang='lat' dir='ltr'>et</span> <span class='ocrx_word' id='word_1_142' title='bbox 961 1979 1161 2068; x_wconf 87' lang='lat' dir='ltr'>longioribus</span> <span class='ocrx_word' id='word_1_143' title='bbox 1182 1978 1276 2054; x_wconf 89' lang='lat' dir='ltr'>foliis,</span> 
     </span>
     <span class='ocr_line' id='line_1_18' title="bbox 156 2080 1280 2171; baseline -0.004 -22"><span class='ocrx_word' id='word_1_144' title='bbox 156 2084 313 2171; x_wconf 86' lang='lat' dir='ltr'>anguloso</span> <span class='ocrx_word' id='word_1_145' title='bbox 327 2084 417 2149; x_wconf 88' lang='lat' dir='ltr'>caule</span> <span class='ocrx_word' id='word_1_146' title='bbox 433 2084 573 2169; x_wconf 90' lang='lat' dir='ltr'>palmum</span> <span class='ocrx_word' id='word_1_147' title='bbox 589 2085 663 2162; x_wconf 84' lang='lat' dir='ltr'>alto,</span> <span class='ocrx_word' id='word_1_148' title='bbox 682 2086 861 2162; x_wconf 85' lang='lat' dir='ltr'>fruticante,</span> <span class='ocrx_word' id='word_1_149' title='bbox 884 2084 963 2149; x_wconf 89' lang='lat' dir='ltr'>flore</span> <span class='ocrx_word' id='word_1_150' title='bbox 977 2081 1149 2168; x_wconf 88' lang='lat' dir='ltr'>lychnidis,</span> <span class='ocrx_word' id='word_1_151' title='bbox 1171 2080 1280 2145; x_wconf 91' lang='lat' dir='ltr'>radice</span> 
     </span>
     <span class='ocr_line' id='line_1_19' title="bbox 157 2181 1280 2271; baseline -0.004 -22"><span class='ocrx_word' id='word_1_152' title='bbox 157 2187 244 2250; x_wconf 89' lang='lat' dir='ltr'>tenui</span> <span class='ocrx_word' id='word_1_153' title='bbox 266 2197 299 2252; x_wconf 87' lang='lat' dir='ltr'>ct</span> <span class='ocrx_word' id='word_1_154' title='bbox 321 2208 531 2271; x_wconf 86' lang='lat' dir='ltr'>supervacua,</span> <span class='ocrx_word' id='word_1_155' title='bbox 555 2208 633 2251; x_wconf 92' lang='lat' dir='ltr'>suco</span> <span class='ocrx_word' id='word_1_156' title='bbox 655 2186 781 2252; x_wconf 85' lang='lat' dir='ltr'>efficax.</span> <span class='ocrx_word' id='word_1_157' title='bbox 802 2186 881 2271; x_wconf 90' lang='lat' dir='ltr'>Ipsa</span> <span class='ocrx_word' id='word_1_158' title='bbox 901 2184 1002 2251; x_wconf 86' lang='lat' dir='ltr'>herba</span> <span class='ocrx_word' id='word_1_159' title='bbox 1023 2194 1177 2248; x_wconf 90' lang='lat' dir='ltr'>autumno</span> <span class='ocrx_word' id='word_1_160' title='bbox 1198 2181 1280 2269; x_wconf 77' lang='lat' dir='ltr'>legi-</span> 
     </span>
     <span class='ocr_line' id='line_1_20' title="bbox 156 2283 1279 2369; baseline -0.003 -17"><span class='ocrx_word' id='word_1_161' title='bbox 156 2299 217 2366; x_wconf 90' lang='lat' dir='ltr'>tur,</span> <span class='ocrx_word' id='word_1_162' title='bbox 239 2309 334 2353; x_wconf 91' lang='lat' dir='ltr'>sucus</span> <span class='ocrx_word' id='word_1_163' title='bbox 353 2309 374 2353; x_wconf 85' lang='lat' dir='ltr'>e</span> <span class='ocrx_word' id='word_1_164' title='bbox 394 2286 516 2352; x_wconf 82' lang='lat' dir='ltr'>fronde.</span> <span class='ocrx_word' id='word_1_165' title='bbox 539 2285 683 2369; x_wconf 83' lang='lat' dir='ltr'>Quidam</span> <span class='ocrx_word' id='word_1_166' title='bbox 704 2287 804 2354; x_wconf 89' lang='lat' dir='ltr'>caulis</span> <span class='ocrx_word' id='word_1_167' title='bbox 819 2286 963 2352; x_wconf 91' lang='lat' dir='ltr'>concisos</span> <span class='ocrx_word' id='word_1_168' title='bbox 976 2284 1195 2350; x_wconf 82' lang='lat' dir='ltr'>madefaciunt</span> <span class='ocrx_word' id='word_1_169' title='bbox 1209 2283 1279 2349; x_wconf 88' lang='lat' dir='ltr'>die·</span> 
     </span>
    </p>
   </div>
   <div class='ocr_carea' id='block_1_3' title="bbox 156 2384 1282 2577">
    <p class='ocr_par' dir='ltr' id='par_1_4' title="bbox 156 2384 1282 2577">
     <span class='ocr_line' id='line_1_21' title="bbox 156 2384 1281 2475; baseline -0.006 -20"><span class='ocrx_word' id='word_1_170' title='bbox 156 2390 218 2455; x_wconf 93' lang='lat' dir='ltr'>hus</span> <span class='ocrx_word' id='word_1_171' title='bbox 245 2412 330 2453; x_wconf 86' lang='lat' dir='ltr'>xvrn</span> <span class='ocrx_word' id='word_1_172' title='bbox 356 2399 453 2472; x_wconf 89' lang='lat' dir='ltr'>atque</span> <span class='ocrx_word' id='word_1_173' title='bbox 479 2388 525 2453; x_wconf 84' lang='lat' dir='ltr'>ita</span> <span class='ocrx_word' id='word_1_174' title='bbox 553 2389 748 2475; x_wconf 85' lang='lat' dir='ltr'>exprimunt.</span> <span class='ocrx_word' id='word_1_175' title='bbox 790 2387 865 2454; x_wconf 93' lang='lat' dir='ltr'>Hoc</span> <span class='ocrx_word' id='word_1_176' title='bbox 892 2387 1079 2454; x_wconf 89' lang='lat' dir='ltr'>centaurion</span> <span class='ocrx_word' id='word_1_177' title='bbox 1107 2384 1206 2450; x_wconf 89' lang='lat' dir='ltr'>nostri</span> <span class='ocrx_word' id='word_1_178' title='bbox 1236 2384 1281 2450; x_wconf 84' lang='lat' dir='ltr'>fel</span> 
     </span>
     <span class='ocr_line' id='line_1_22' title="bbox 157 2486 1282 2577; baseline -0.004 -23"><span class='ocrx_word' id='word_1_179' title='bbox 157 2503 259 2556; x_wconf 88' lang='lat' dir='ltr'>terrae</span> <span class='ocrx_word' id='word_1_180' title='bbox 276 2502 398 2556; x_wconf 71' lang='lat' dir='ltr'>nocant</span> <span class='ocrx_word' id='word_1_181' title='bbox 418 2501 549 2577; x_wconf 88' lang='lat' dir='ltr'>propter</span> <span class='ocrx_word' id='word_1_182' title='bbox 570 2490 817 2556; x_wconf 86' lang='lat' dir='ltr'>amaritudinem</span> <span class='ocrx_word' id='word_1_183' title='bbox 839 2511 1007 2568; x_wconf 89' lang='lat' dir='ltr'>summam,</span> <span class='ocrx_word' id='word_1_184' title='bbox 1032 2486 1120 2555; x_wconf 87' lang='lat' dir='ltr'>Galli</span> <span class='ocrx_word' id='word_1_185' title='bbox 1134 2508 1282 2565; x_wconf 85' lang='lat' dir='ltr'>exacum,</span> 
     </span>
    </p>
   </div>
   <div class='ocr_carea' id='block_1_4' title="bbox 157 2659 1280 2793">
    <p class='ocr_par' dir='ltr' id='par_1_5' title="bbox 157 2659 1280 2793">
     <span class='ocr_line' id='line_1_23' title="bbox 157 2659 1280 2727; baseline 0.011 -16"><span class='ocrx_word' id='word_1_186' title='bbox 157 2663 313 2725; x_wconf 81' lang='lat' dir='ltr'>roniom,V¹.</span> <span class='ocrx_word' id='word_1_187' title='bbox 332 2705 362 2713; x_wconf 89' lang='lat'>..</span> <span class='ocrx_word' id='word_1_188' title='bbox 390 2662 446 2726; x_wconf 85' lang='lat' dir='ltr'>late,</span> <span class='ocrx_word' id='word_1_189' title='bbox 459 2665 492 2715; x_wconf 88' lang='lat' dir='ltr'>V.</span> <span class='ocrx_word' id='word_1_190' title='bbox 518 2665 636 2717; x_wconf 83' lang='lat' dir='ltr'>Ceterum</span> <span class='ocrx_word' id='word_1_191' title='bbox 653 2681 677 2716; x_wconf 86' lang='lat' dir='ltr'>v.</span> <span class='ocrx_word' id='word_1_192' title='bbox 694 2667 810 2718; x_wconf 89' lang='lat' dir='ltr'>Dioscor.</span> <span class='ocrx_word' id='word_1_193' title='bbox 829 2670 889 2727; x_wconf 81' lang='lat'>3,8.</span> <span class='ocrx_word' id='word_1_194' title='bbox 910 2705 941 2715; x_wconf 80' lang='grc'>-</span> <span class='ocrx_word' id='word_1_195' title='bbox 967 2661 1042 2725; x_wconf 82' lang='lat' dir='ltr'>caule,</span> <span class='ocrx_word' id='word_1_196' title='bbox 1055 2664 1089 2714; x_wconf 92' lang='lat' dir='ltr'>V.</span> <span class='ocrx_word' id='word_1_197' title='bbox 1111 2703 1143 2714; x_wconf 86' lang='lat'>-</span> <span class='ocrx_word' id='word_1_198' title='bbox 1170 2659 1280 2724; x_wconf 73' lang='lat' dir='ltr'>madida,</span> 
     </span>
     <span class='ocr_line' id='line_1_24' title="bbox 158 2730 398 2793; baseline 0 -11"><span class='ocrx_word' id='word_1_199' title='bbox 158 2733 234 2782; x_wconf 72' lang='lat' dir='ltr'>vas.</span> <span class='ocrx_word' id='word_1_200' title='bbox 252 2730 354 2793; x_wconf 72' lang='lat' dir='ltr'>aucta,</span> <span class='ocrx_word' id='word_1_201' title='bbox 367 2732 398 2782; x_wconf 86' lang='lat' dir='ltr'>u.</span> 
     </span>
    </p>
   </div>
   <div class='ocr_carea' id='block_1_5' title="bbox 154 2828 1281 3778">
    <p class='ocr_par' dir='ltr' id='par_1_6' title="bbox 154 2828 1281 3767">
     <span class='ocr_line' id='line_1_25' title="bbox 191 2828 1280 2899; baseline -0.002 -17"><span class='ocrx_word' id='word_1_202' title='bbox 191 2835 258 2896; x_wconf 71' lang='lat'>§⁶⁷-</span> <span class='ocrx_word' id='word_1_203' title='bbox 282 2831 464 2897; x_wconf 60' lang='lat' dir='ltr'>Arcadt&#39;elidig</span> <span class='ocrx_word' id='word_1_204' title='bbox 477 2837 501 2886; x_wconf 87' lang='lat' dir='ltr'>d.</span> <span class='ocrx_word' id='word_1_205' title='bbox 520 2876 550 2884; x_wconf 84' lang='lat'><em>-</em></span> <span class='ocrx_word' id='word_1_206' title='bbox 574 2833 664 2886; x_wconf 85' lang='lat' dir='ltr'>Pholoe</span> <span class='ocrx_word' id='word_1_207' title='bbox 676 2843 698 2882; x_wconf 86' lang='lat' dir='ltr'>et</span> <span class='ocrx_word' id='word_1_208' title='bbox 709 2833 813 2899; x_wconf 80' lang='lat' dir='ltr'>Lycaeo,</span> <span class='ocrx_word' id='word_1_209' title='bbox 829 2835 934 2886; x_wconf 91' lang='lat' dir='ltr'>Barbar.</span> <span class='ocrx_word' id='word_1_210' title='bbox 960 2831 1135 2897; x_wconf 80' lang='lat' dir='ltr'>Pborpocliceo,</span> <span class='ocrx_word' id='word_1_211' title='bbox 1148 2831 1182 2882; x_wconf 90' lang='lat' dir='ltr'>V.</span> <span class='ocrx_word' id='word_1_212' title='bbox 1206 2828 1280 2895; x_wconf 82' lang='lat' dir='ltr'>phor-</span> 
     </span>
     <span class='ocr_line' id='line_1_26' title="bbox 154 2899 1279 2967; baseline 0.001 -19"><span class='ocrx_word' id='word_1_213' title='bbox 154 2899 317 2965; x_wconf 59' lang='lat' dir='ltr'>poelqceoAE.</span> <span class='ocrx_word' id='word_1_214' title='bbox 343 2900 498 2965; x_wconf 81' lang='lat' dir='ltr'>phorpelt&#39;cec,</span> <span class='ocrx_word' id='word_1_215' title='bbox 511 2904 534 2952; x_wconf 93' lang='lat' dir='ltr'>d.</span> <span class='ocrx_word' id='word_1_216' title='bbox 558 2901 650 2966; x_wconf 80' lang='lat' dir='ltr'>pharus</span> <span class='ocrx_word' id='word_1_217' title='bbox 667 2901 796 2961; x_wconf 68' lang='lat' dir='ltr'>eliceam.</span> <span class='ocrx_word' id='word_1_218' title='bbox 819 2901 912 2967; x_wconf 83' lang='lat' dir='ltr'>pharue</span> <span class='ocrx_word' id='word_1_219' title='bbox 928 2900 1040 2963; x_wconf 80' lang='lat' dir='ltr'>elr&#39;ceo,P</span> <span class='ocrx_word' id='word_1_220' title='bbox 1056 2903 1123 2966; x_wconf 85' lang='lat' dir='ltr'>apud</span> <span class='ocrx_word' id='word_1_221' title='bbox 1139 2900 1193 2951; x_wconf 88' lang='lat' dir='ltr'>Iun.</span> <span class='ocrx_word' id='word_1_222' title='bbox 1211 2900 1279 2950; x_wconf 90' lang='lat' dir='ltr'>obss.</span> 
     </span>
     <span class='ocr_line' id='line_1_27' title="bbox 158 2963 1279 3036; baseline -0.003 -18"><span class='ocrx_word' id='word_1_223' title='bbox 158 2969 210 3018; x_wconf 88' lang='lat' dir='ltr'>crit.</span> <span class='ocrx_word' id='word_1_224' title='bbox 222 2984 248 3032; x_wconf 89' lang='lat' dir='ltr'>p.</span> <span class='ocrx_word' id='word_1_225' title='bbox 262 2975 302 3019; x_wconf 83' lang='lat'>24.</span> <span class='ocrx_word' id='word_1_226' title='bbox 325 2967 414 3018; x_wconf 79' lang='lat' dir='ltr'>Pholoe</span> <span class='ocrx_word' id='word_1_227' title='bbox 426 2977 448 3019; x_wconf 87' lang='lat' dir='ltr'>et</span> <span class='ocrx_word' id='word_1_228' title='bbox 459 2969 546 3035; x_wconf 74' lang='lat' dir='ltr'>Lycia,</span> <span class='ocrx_word' id='word_1_229' title='bbox 564 2972 643 3021; x_wconf 86' lang='lat' dir='ltr'>Hard.</span> <span class='ocrx_word' id='word_1_230' title='bbox 654 2985 679 3034; x_wconf 77' lang='lat' dir='ltr'>y.</span> <span class='ocrx_word' id='word_1_231' title='bbox 699 3012 730 3020; x_wconf 86' lang='grc'>..</span> <span class='ocrx_word' id='word_1_232' title='bbox 753 2969 779 3018; x_wconf 82' lang='lat' dir='ltr'>in</span> <span class='ocrx_word' id='word_1_233' title='bbox 790 2970 870 3036; x_wconf 74' lang='lat' dir='ltr'>Lycia</span> <span class='ocrx_word' id='word_1_234' title='bbox 881 2968 983 3034; x_wconf 80' lang='lat' dir='ltr'>quiderm,</span> <span class='ocrx_word' id='word_1_235' title='bbox 999 2963 1109 3020; x_wconf 76' lang='lat' dir='ltr'>ORTd.</span> <span class='ocrx_word' id='word_1_236' title='bbox 1132 2967 1209 3017; x_wconf 76' lang='lat' dir='ltr'>inscia</span> <span class='ocrx_word' id='word_1_237' title='bbox 1226 2967 1279 3030; x_wconf 81' lang='lat' dir='ltr'>qui·</span> 
     </span>
     <span class='ocr_line' id='line_1_28' title="bbox 159 3030 1279 3101; baseline 0.002 -17"><span class='ocrx_word' id='word_1_238' title='bbox 159 3035 218 3096; x_wconf 86' lang='lat' dir='ltr'>dem,</span> <span class='ocrx_word' id='word_1_239' title='bbox 236 3052 260 3086; x_wconf 85' lang='lat' dir='ltr'>a.</span> <span class='ocrx_word' id='word_1_240' title='bbox 286 3036 311 3085; x_wconf 80' lang='lat' dir='ltr'>in</span> <span class='ocrx_word' id='word_1_241' title='bbox 322 3035 402 3101; x_wconf 80' lang='lat' dir='ltr'>Lycia</span> <span class='ocrx_word' id='word_1_242' title='bbox 413 3036 519 3100; x_wconf 84' lang='lat' dir='ltr'>quidam,</span> <span class='ocrx_word' id='word_1_243' title='bbox 533 3039 566 3088; x_wconf 91' lang='lat' dir='ltr'>V.</span> <span class='ocrx_word' id='word_1_244' title='bbox 597 3033 751 3100; x_wconf 73' lang='lat' dir='ltr'>Quidamss.</span> <span class='ocrx_word' id='word_1_245' title='bbox 770 3079 800 3088; x_wconf 90' lang='lat'>..</span> <span class='ocrx_word' id='word_1_246' title='bbox 825 3054 903 3098; x_wconf 67' lang='lat' dir='ltr'>ecem</span> <span class='ocrx_word' id='word_1_247' title='bbox 919 3031 978 3088; x_wconf 75' lang='lat' dir='ltr'>OV.</span> <span class='ocrx_word' id='word_1_248' title='bbox 1002 3045 1113 3098; x_wconf 76' lang='lat' dir='ltr'>eterra,</span> <span class='ocrx_word' id='word_1_249' title='bbox 1129 3030 1279 3101; x_wconf 71' lang='lat' dir='ltr'>Rsaossy.</span> 
     </span>
     <span class='ocr_line' id='line_1_29' title="bbox 158 3103 1279 3167; baseline 0 -15"><span class='ocrx_word' id='word_1_250' title='bbox 158 3143 189 3152; x_wconf 77' lang='grc'><strong>-</strong></span> <span class='ocrx_word' id='word_1_251' title='bbox 214 3110 282 3152; x_wconf 86' lang='lat' dir='ltr'>tanta</span> <span class='ocrx_word' id='word_1_252' title='bbox 298 3103 367 3165; x_wconf 77' lang='lat' dir='ltr'>siem,</span> <span class='ocrx_word' id='word_1_253' title='bbox 383 3106 466 3156; x_wconf 84' lang='lat' dir='ltr'>VRd.</span> <span class='ocrx_word' id='word_1_254' title='bbox 496 3113 564 3154; x_wconf 87' lang='lat' dir='ltr'>tanta</span> <span class='ocrx_word' id='word_1_255' title='bbox 580 3107 615 3154; x_wconf 80' lang='lat' dir='ltr'>vis</span> <span class='ocrx_word' id='word_1_256' title='bbox 630 3113 662 3167; x_wconf 85' lang='lat' dir='ltr'>ut,</span> <span class='ocrx_word' id='word_1_257' title='bbox 680 3123 703 3156; x_wconf 84' lang='lat' dir='ltr'>a.</span> <span class='ocrx_word' id='word_1_258' title='bbox 722 3147 753 3155; x_wconf 85' lang='lat'>-</span> <span class='ocrx_word' id='word_1_259' title='bbox 780 3104 1065 3165; x_wconf 63' lang='lat' dir='ltr'>concamaravsssd.</span> <span class='ocrx_word' id='word_1_260' title='bbox 1091 3119 1243 3164; x_wconf 72' lang='lat' dir='ltr'>macrescere,</span> <span class='ocrx_word' id='word_1_261' title='bbox 1259 3118 1279 3152; x_wconf 89' lang='lat' dir='ltr'>r.</span> 
     </span>
     <span class='ocr_line' id='line_1_30' title="bbox 158 3168 1279 3238; baseline 0 -20"><span class='ocrx_word' id='word_1_262' title='bbox 158 3169 294 3232; x_wconf 82' lang='lat' dir='ltr'>coalescere,</span> <span class='ocrx_word' id='word_1_263' title='bbox 310 3172 344 3221; x_wconf 88' lang='lat' dir='ltr'>K.</span> <span class='ocrx_word' id='word_1_264' title='bbox 366 3212 398 3222; x_wconf 89' lang='lat'>..</span> <span class='ocrx_word' id='word_1_265' title='bbox 426 3171 546 3234; x_wconf 84' lang='lat' dir='ltr'>tradatur,</span> <span class='ocrx_word' id='word_1_266' title='bbox 559 3174 592 3223; x_wconf 90' lang='lat' dir='ltr'>V.</span> <span class='ocrx_word' id='word_1_267' title='bbox 621 3171 710 3233; x_wconf 85' lang='lat' dir='ltr'>tradat,</span> <span class='ocrx_word' id='word_1_268' title='bbox 726 3175 779 3223; x_wconf 84' lang='lat' dir='ltr'>Rd.</span> <span class='ocrx_word' id='word_1_269' title='bbox 807 3171 912 3233; x_wconf 85' lang='lat' dir='ltr'>tradant,</span> <span class='ocrx_word' id='word_1_270' title='bbox 928 3168 999 3238; x_wconf 69' lang='grc' dir='ltr'>αβγ.</span> <span class='ocrx_word' id='word_1_271' title='bbox 1020 3173 1053 3221; x_wconf 89' lang='lat' dir='ltr'>V.</span> <span class='ocrx_word' id='word_1_272' title='bbox 1071 3174 1156 3231; x_wconf 73' lang='lat' dir='ltr'>adssb,</span> <span class='ocrx_word' id='word_1_273' title='bbox 1171 3177 1227 3222; x_wconf 80' lang='lat'>121.</span> <span class='ocrx_word' id='word_1_274' title='bbox 1247 3209 1279 3218; x_wconf 89' lang='lat'>..</span> 
     </span>
     <span class='ocr_line' id='line_1_31' title="bbox 158 3238 1280 3304; baseline 0.002 -19"><span class='ocrx_word' id='word_1_275' title='bbox 158 3246 295 3300; x_wconf 84' lang='lat' dir='ltr'>coquuntur,</span> <span class='ocrx_word' id='word_1_276' title='bbox 308 3255 331 3288; x_wconf 88' lang='lat' dir='ltr'>a.</span> <span class='ocrx_word' id='word_1_277' title='bbox 358 3247 479 3303; x_wconf 82' lang='lat' dir='ltr'>coquatur,</span> <span class='ocrx_word' id='word_1_278' title='bbox 491 3240 575 3289; x_wconf 85' lang='lat' dir='ltr'>VRd.</span> <span class='ocrx_word' id='word_1_279' title='bbox 597 3281 620 3288; x_wconf 83' lang='lat'>-</span> <span class='ocrx_word' id='word_1_280' title='bbox 650 3238 740 3288; x_wconf 79' lang='lat' dir='ltr'>dicetur</span> <span class='ocrx_word' id='word_1_281' title='bbox 756 3241 870 3304; x_wconf 88' lang='lat' dir='ltr'>pluribus</span> <span class='ocrx_word' id='word_1_282' title='bbox 885 3241 961 3302; x_wconf 81' lang='lat' dir='ltr'>locis3</span> <span class='ocrx_word' id='word_1_283' title='bbox 980 3255 1002 3289; x_wconf 90' lang='lat' dir='ltr'>v.</span> <span class='ocrx_word' id='word_1_284' title='bbox 1020 3239 1071 3289; x_wconf 90' lang='lat' dir='ltr'>ind.</span> <span class='ocrx_word' id='word_1_285' title='bbox 1088 3254 1171 3287; x_wconf 88' lang='lat' dir='ltr'>rerum</span> <span class='ocrx_word' id='word_1_286' title='bbox 1188 3247 1214 3287; x_wconf 89' lang='lat' dir='ltr'>ct</span> <span class='ocrx_word' id='word_1_287' title='bbox 1225 3251 1280 3287; x_wconf 85' lang='lat' dir='ltr'>ver·</span> 
     </span>
     <span class='ocr_line' id='line_1_32' title="bbox 158 3304 1279 3370; baseline 0 -16"><span class='ocrx_word' id='word_1_288' title='bbox 158 3306 248 3355; x_wconf 87' lang='lat' dir='ltr'>borum</span> <span class='ocrx_word' id='word_1_289' title='bbox 266 3323 286 3357; x_wconf 88' lang='lat' dir='ltr'>s.</span> <span class='ocrx_word' id='word_1_290' title='bbox 297 3307 322 3355; x_wconf 94' lang='lat' dir='ltr'>h.</span> <span class='ocrx_word' id='word_1_291' title='bbox 336 3322 359 3356; x_wconf 88' lang='lat' dir='ltr'>v.</span> <span class='ocrx_word' id='word_1_292' title='bbox 379 3349 410 3357; x_wconf 86' lang='lat'>-</span> <span class='ocrx_word' id='word_1_293' title='bbox 429 3309 488 3356; x_wconf 83' lang='lat' dir='ltr'>trita</span> <span class='ocrx_word' id='word_1_294' title='bbox 505 3306 615 3367; x_wconf 84' lang='lat' dir='ltr'>medetur,</span> <span class='ocrx_word' id='word_1_295' title='bbox 629 3309 690 3357; x_wconf 81' lang='lat' dir='ltr'>VR.</span> <span class='ocrx_word' id='word_1_296' title='bbox 710 3307 775 3366; x_wconf 72' lang='lat' dir='ltr'>trita,</span> <span class='ocrx_word' id='word_1_297' title='bbox 793 3304 885 3370; x_wconf 72' lang='lat' dir='ltr'>adssy.</span> <span class='ocrx_word' id='word_1_298' title='bbox 905 3347 936 3356; x_wconf 86' lang='lat'>..</span> <span class='ocrx_word' id='word_1_299' title='bbox 960 3305 984 3354; x_wconf 80' lang='lat' dir='ltr'>in</span> <span class='ocrx_word' id='word_1_300' title='bbox 1001 3305 1063 3367; x_wconf 82' lang='lat' dir='ltr'>vino,</span> <span class='ocrx_word' id='word_1_301' title='bbox 1076 3306 1161 3356; x_wconf 69' lang='lat' dir='ltr'>vad.</span> <span class='ocrx_word' id='word_1_302' title='bbox 1180 3304 1206 3352; x_wconf 80' lang='lat' dir='ltr'>in</span> <span class='ocrx_word' id='word_1_303' title='bbox 1217 3304 1279 3354; x_wconf 81' lang='lat' dir='ltr'>vino.</span> 
     </span>
     <span class='ocr_line' id='line_1_33' title="bbox 158 3369 1279 3439; baseline -0.004 -17"><span class='ocrx_word' id='word_1_304' title='bbox 158 3372 277 3434; x_wconf 88' lang='lat' dir='ltr'>Medetur,</span> <span class='ocrx_word' id='word_1_305' title='bbox 290 3369 360 3439; x_wconf 69' lang='grc' dir='ltr'>εβγ.</span> <span class='ocrx_word' id='word_1_306' title='bbox 381 3416 412 3424; x_wconf 89' lang='grc'>..</span> <span class='ocrx_word' id='word_1_307' title='bbox 440 3373 523 3423; x_wconf 76' lang='lat' dir='ltr'>iisdem</span> <span class='ocrx_word' id='word_1_308' title='bbox 540 3374 654 3436; x_wconf 85' lang='lat' dir='ltr'>omnibus,</span> <span class='ocrx_word' id='word_1_309' title='bbox 670 3376 738 3424; x_wconf 87' lang='lat' dir='ltr'>Pint.</span> <span class='ocrx_word' id='word_1_310' title='bbox 764 3374 857 3423; x_wconf 82' lang='lat' dir='ltr'>obuium</span> <span class='ocrx_word' id='word_1_311' title='bbox 875 3373 1066 3434; x_wconf 82' lang='lat' dir='ltr'>morbis,VRa.</span> <span class='ocrx_word' id='word_1_312' title='bbox 1092 3372 1172 3421; x_wconf 83' lang='lat' dir='ltr'>obuius</span> <span class='ocrx_word' id='word_1_313' title='bbox 1183 3370 1279 3433; x_wconf 81' lang='lat' dir='ltr'>morbis,</span> 
     </span>
     <span class='ocr_line' id='line_1_34' title="bbox 158 3437 1278 3505; baseline -0.002 -15"><span class='ocrx_word' id='word_1_314' title='bbox 158 3441 211 3490; x_wconf 88' lang='lat' dir='ltr'>Td.</span> <span class='ocrx_word' id='word_1_315' title='bbox 239 3442 313 3490; x_wconf 81' lang='lat' dir='ltr'>ovium</span> <span class='ocrx_word' id='word_1_316' title='bbox 331 3441 431 3503; x_wconf 81' lang='lat' dir='ltr'>morbis,</span> <span class='ocrx_word' id='word_1_317' title='bbox 452 3444 526 3492; x_wconf 90' lang='lat' dir='ltr'>codd.</span> <span class='ocrx_word' id='word_1_318' title='bbox 544 3442 600 3493; x_wconf 87' lang='lat' dir='ltr'>Gcl.</span> <span class='ocrx_word' id='word_1_319' title='bbox 617 3437 645 3503; x_wconf 77' lang='grc' dir='ltr'>β.</span> <span class='ocrx_word' id='word_1_320' title='bbox 672 3440 772 3490; x_wconf 78' lang='lat' dir='ltr'>omnium</span> <span class='ocrx_word' id='word_1_321' title='bbox 788 3441 882 3504; x_wconf 85' lang='lat' dir='ltr'>morbis,</span> <span class='ocrx_word' id='word_1_322' title='bbox 899 3443 925 3493; x_wconf 85' lang='lat' dir='ltr'>K</span> <span class='ocrx_word' id='word_1_323' title='bbox 942 3440 1026 3505; x_wconf 90' lang='lat' dir='ltr'>(codd.</span> <span class='ocrx_word' id='word_1_324' title='bbox 1043 3439 1171 3503; x_wconf 83' lang='lat' dir='ltr'>Barbari).</span> <span class='ocrx_word' id='word_1_325' title='bbox 1196 3437 1278 3489; x_wconf 80' lang='lat' dir='ltr'>is&#39;sdem</span> 
     </span>
     <span class='ocr_line' id='line_1_35' title="bbox 158 3507 1281 3575; baseline 0.003 -20"><span class='ocrx_word' id='word_1_326' title='bbox 158 3507 257 3571; x_wconf 81' lang='lat' dir='ltr'>morbis,</span> <span class='ocrx_word' id='word_1_327' title='bbox 283 3510 408 3561; x_wconf 87' lang='lat' dir='ltr'>Harduin.</span> <span class='ocrx_word' id='word_1_328' title='bbox 429 3526 487 3560; x_wconf 89' lang='lat' dir='ltr'>cum</span> <span class='ocrx_word' id='word_1_329' title='bbox 507 3511 640 3571; x_wconf 84' lang='lat' dir='ltr'>Pintlano,</span> <span class='ocrx_word' id='word_1_330' title='bbox 664 3525 740 3573; x_wconf 92' lang='lat' dir='ltr'>quem</span> <span class='ocrx_word' id='word_1_331' title='bbox 766 3509 819 3560; x_wconf 86' lang='lat' dir='ltr'>lore</span> <span class='ocrx_word' id='word_1_332' title='bbox 842 3511 969 3575; x_wconf 87' lang='lat' dir='ltr'>sequitur,</span> <span class='ocrx_word' id='word_1_333' title='bbox 997 3517 1065 3560; x_wconf 85' lang='lat' dir='ltr'>recte</span> <span class='ocrx_word' id='word_1_334' title='bbox 1086 3509 1174 3559; x_wconf 85' lang='lat' dir='ltr'>nititur</span> <span class='ocrx_word' id='word_1_335' title='bbox 1196 3507 1281 3558; x_wconf 85' lang='lat' dir='ltr'>verbis</span> 
     </span>
     <span class='ocr_line' id='line_1_36' title="bbox 157 3572 1280 3644; baseline -0.002 -18"><span class='ocrx_word' id='word_1_336' title='bbox 157 3577 275 3627; x_wconf 87' lang='lat' dir='ltr'>Diosccr.</span> <span class='ocrx_word' id='word_1_337' title='bbox 289 3584 312 3637; x_wconf 85' lang='grc'>3,</span> <span class='ocrx_word' id='word_1_338' title='bbox 327 3584 353 3627; x_wconf 78' lang='lat'>6:</span> <span class='ocrx_word' id='word_1_339' title='bbox 376 3574 433 3627; x_wconf 83' lang='grc' dir='ltr'>ὅτε</span> <span class='ocrx_word' id='word_1_340' title='bbox 441 3573 530 3644; x_wconf 81' lang='grc' dir='ltr'><em>χυλὸς</em></span> <span class='ocrx_word' id='word_1_341' title='bbox 545 3572 577 3627; x_wconf 81' lang='grc' dir='ltr'>τὰ</span> <span class='ocrx_word' id='word_1_342' title='bbox 591 3572 659 3628; x_wconf 77' lang='grc' dir='ltr'><strong><em>αὐτὰ</em></strong></span> <span class='ocrx_word' id='word_1_343' title='bbox 672 3576 752 3627; x_wconf 82' lang='grc' dir='ltr'><em>ποιεῖ.</em></span> <span class='ocrx_word' id='word_1_344' title='bbox 773 3579 812 3629; x_wconf 84' lang='lat' dir='ltr'>At</span> <span class='ocrx_word' id='word_1_345' title='bbox 823 3579 894 3630; x_wconf 89' lang='lat' dir='ltr'>locus</span> <span class='ocrx_word' id='word_1_346' title='bbox 906 3579 1021 3629; x_wconf 88' lang='lat' dir='ltr'>nondum</span> <span class='ocrx_word' id='word_1_347' title='bbox 1032 3586 1070 3629; x_wconf 87' lang='lat' dir='ltr'>est</span> <span class='ocrx_word' id='word_1_348' title='bbox 1080 3587 1236 3642; x_wconf 77' lang='lat' dir='ltr'>personatus,</span> <span class='ocrx_word' id='word_1_349' title='bbox 1254 3582 1280 3625; x_wconf 83' lang='lat' dir='ltr'>et</span> 
     </span>
     <span class='ocr_line' id='line_1_37' title="bbox 157 3643 1279 3767; baseline -0.004 -73"><span class='ocrx_word' id='word_1_350' title='bbox 157 3645 488 3764; x_wconf 56' lang='lat' dir='ltr'>chpturatcodd.1tarlgan</span> <span class='ocrx_word' id='word_1_351' title='bbox 505 3647 575 3727; x_wconf 74' lang='lat' dir='ltr'>uuus</span> <span class='ocrx_word' id='word_1_352' title='bbox 591 3646 634 3696; x_wconf 85' lang='lat' dir='ltr'>vix</span> <span class='ocrx_word' id='word_1_353' title='bbox 647 3646 745 3762; x_wconf 52' lang='lat' dir='ltr'>gabigs,</span> <span class='ocrx_word' id='word_1_354' title='bbox 757 3647 818 3762; x_wconf 83' lang='lat' dir='ltr'>quin</span> <span class='ocrx_word' id='word_1_355' title='bbox 829 3647 933 3767; x_wconf 61' lang='lat' dir='ltr'>lf‘liniqq¹</span> <span class='ocrx_word' id='word_1_356' title='bbox 942 3646 1069 3712; x_wconf 86' lang='lat' dir='ltr'>scripserit</span> <span class='ocrx_word' id='word_1_357' title='bbox 1086 3643 1185 3694; x_wconf 82' lang='lat' dir='ltr'>omnium</span> <span class='ocrx_word' id='word_1_358' title='bbox 1201 3657 1279 3692; x_wconf 83' lang='lat' dir='ltr'>aarum</span> 
     </span>
    </p>

    <p class='ocr_par' dir='ltr' id='par_1_7' title="bbox 182 3728 953 3778">
     <span class='ocr_line' id='line_1_38' title="bbox 182 3728 953 3778; baseline 0.005 -18"><span class='ocrx_word' id='word_1_359' title='bbox 182 3728 196 3760; x_wconf 92' lang='lat' dir='ltr'>o</span> <span class='ocrx_word' id='word_1_360' title='bbox 225 3728 283 3773; x_wconf 68' lang='lat' dir='ltr'>aaa</span> <span class='ocrx_word' id='word_1_361' title='bbox 306 3729 441 3763; x_wconf 79' lang='lat' dir='ltr'>omnesne</span> <span class='ocrx_word' id='word_1_362' title='bbox 469 3729 652 3778; x_wconf 86' lang='lat' dir='ltr'>supenoraqm</span> <span class='ocrx_word' id='word_1_363' title='bbox 668 3730 696 3763; x_wconf 89' lang='lat' dir='ltr'>us</span> <span class='ocrx_word' id='word_1_364' title='bbox 724 3729 757 3762; x_wconf 78' lang='lat' dir='ltr'>sce</span> <span class='ocrx_word' id='word_1_365' title='bbox 768 3731 796 3763; x_wconf 95' lang='lat' dir='ltr'>ur</span> <span class='ocrx_word' id='word_1_366' title='bbox 807 3728 834 3764; x_wconf 84' lang='lat' dir='ltr'>re</span> <span class='ocrx_word' id='word_1_367' title='bbox 846 3730 905 3765; x_wconf 90' lang='lat' dir='ltr'>eran</span> <span class='ocrx_word' id='word_1_368' title='bbox 934 3731 953 3764; x_wconf 87' lang='lat' dir='ltr'>r.</span> 
     </span>
    </p>
   </div>
   <div class='ocr_carea' id='block_1_6' title="bbox 155 3808 1278 4352">
    <p class='ocr_par' dir='ltr' id='par_1_8' title="bbox 155 3808 1278 4352">
     <span class='ocr_line' id='line_1_39' title="bbox 192 3808 1278 3877; baseline 0.002 -15"><span class='ocrx_word' id='word_1_369' title='bbox 192 3815 260 3876; x_wconf 71' lang='lat'>568.</span> <span class='ocrx_word' id='word_1_370' title='bbox 287 3811 341 3875; x_wconf 81' lang='lat' dir='ltr'>Est,</span> <span class='ocrx_word' id='word_1_371' title='bbox 358 3816 432 3865; x_wconf 84' lang='lat' dir='ltr'>Rad.</span> <span class='ocrx_word' id='word_1_372' title='bbox 461 3813 517 3877; x_wconf 83' lang='lat' dir='ltr'>Sed,</span> <span class='ocrx_word' id='word_1_373' title='bbox 530 3817 563 3866; x_wconf 92' lang='lat' dir='ltr'>V.</span> <span class='ocrx_word' id='word_1_374' title='bbox 587 3815 703 3867; x_wconf 82' lang='lat' dir='ltr'>Ceterum</span> <span class='ocrx_word' id='word_1_375' title='bbox 716 3816 870 3867; x_wconf 86' lang='lat' dir='ltr'>v.Dioscor.</span> <span class='ocrx_word' id='word_1_376' title='bbox 883 3823 907 3877; x_wconf 81' lang='lat'>3,</span> <span class='ocrx_word' id='word_1_377' title='bbox 921 3821 943 3868; x_wconf 80' lang='lat'>7.</span> <span class='ocrx_word' id='word_1_378' title='bbox 963 3857 994 3865; x_wconf 85' lang='lat'>-</span> <span class='ocrx_word' id='word_1_379' title='bbox 1012 3813 1155 3875; x_wconf 72' lang='lat' dir='ltr'>centaurion,</span> <span class='ocrx_word' id='word_1_380' title='bbox 1170 3808 1199 3864; x_wconf 85' lang='grc' dir='ltr'>θ.</span> <span class='ocrx_word' id='word_1_381' title='bbox 1226 3829 1278 3864; x_wconf 82' lang='lat' dir='ltr'>cen·</span> 
     </span>
     <span class='ocr_line' id='line_1_40' title="bbox 159 3877 1278 3946; baseline 0.002 -17"><span class='ocrx_word' id='word_1_382' title='bbox 159 3879 272 3941; x_wconf 84' lang='lat' dir='ltr'>taurium,</span> <span class='ocrx_word' id='word_1_383' title='bbox 284 3883 388 3933; x_wconf 84' lang='lat' dir='ltr'>VRad.</span> <span class='ocrx_word' id='word_1_384' title='bbox 407 3891 554 3943; x_wconf 83' lang='lat' dir='ltr'>centaurcon,</span> <span class='ocrx_word' id='word_1_385' title='bbox 566 3877 596 3944; x_wconf 80' lang='grc' dir='ltr'>β.</span> <span class='ocrx_word' id='word_1_386' title='bbox 616 3924 646 3932; x_wconf 86' lang='grc'><strong>-</strong></span> <span class='ocrx_word' id='word_1_387' title='bbox 665 3881 781 3942; x_wconf 84' lang='lat' dir='ltr'>libadean,</span> <span class='ocrx_word' id='word_1_388' title='bbox 793 3885 898 3934; x_wconf 88' lang='lat' dir='ltr'>VRad.</span> <span class='ocrx_word' id='word_1_389' title='bbox 918 3924 948 3932; x_wconf 86' lang='lat'><em>-</em></span> <span class='ocrx_word' id='word_1_390' title='bbox 964 3881 1078 3946; x_wconf 86' lang='lat' dir='ltr'>pabnum,</span> <span class='ocrx_word' id='word_1_391' title='bbox 1090 3883 1195 3933; x_wconf 86' lang='lat' dir='ltr'>Barbar.</span> <span class='ocrx_word' id='word_1_392' title='bbox 1216 3896 1278 3946; x_wconf 85' lang='lat' dir='ltr'>pau-</span> 
     </span>
     <span class='ocr_line' id='line_1_41' title="bbox 160 3941 1276 4016; baseline 0.004 -20"><span class='ocrx_word' id='word_1_393' title='bbox 160 3946 214 4008; x_wconf 88' lang='lat' dir='ltr'>lum,</span> <span class='ocrx_word' id='word_1_394' title='bbox 235 3941 366 4001; x_wconf 75' lang='lat' dir='ltr'>OVRad.</span> <span class='ocrx_word' id='word_1_395' title='bbox 391 3949 522 4014; x_wconf 88' lang='lat' dir='ltr'>paululum,</span> <span class='ocrx_word' id='word_1_396' title='bbox 539 3946 590 4014; x_wconf 75' lang='grc' dir='ltr'>βγ.</span> <span class='ocrx_word' id='word_1_397' title='bbox 616 3945 715 3998; x_wconf 81' lang='grc' dir='ltr'><em>καυλὸν</em></span> <span class='ocrx_word' id='word_1_398' title='bbox 734 3945 835 4016; x_wconf 74' lang='grc' dir='ltr'><strong><em>ἔχουσα</em></strong></span> <span class='ocrx_word' id='word_1_399' title='bbox 854 3947 921 4012; x_wconf 77' lang='grc' dir='ltr'><em>ὑπὲρ</em></span> <span class='ocrx_word' id='word_1_400' title='bbox 939 3946 1089 4016; x_wconf 68' lang='lat' dir='ltr'>candensis,</span> <span class='ocrx_word' id='word_1_401' title='bbox 1107 3951 1221 4002; x_wconf 87' lang='lat' dir='ltr'>Diosccr.</span> <span class='ocrx_word' id='word_1_402' title='bbox 1245 3991 1276 4001; x_wconf 91' lang='grc'>..</span> 
     </span>
     <span class='ocr_line' id='line_1_42' title="bbox 155 4014 1277 4083; baseline 0.004 -20"><span class='ocrx_word' id='word_1_403' title='bbox 155 4014 296 4077; x_wconf 80' lang='lat' dir='ltr'>sruticantu,</span> <span class='ocrx_word' id='word_1_404' title='bbox 309 4032 331 4067; x_wconf 83' lang='lat' dir='ltr'>a</span> <span class='ocrx_word' id='word_1_405' title='bbox 350 4017 573 4080; x_wconf 70' lang='lat' dir='ltr'>fruticumvlld.</span> <span class='ocrx_word' id='word_1_406' title='bbox 596 4057 627 4067; x_wconf 78' lang='grc'>-</span> <span class='ocrx_word' id='word_1_407' title='bbox 646 4016 719 4081; x_wconf 80' lang='lat' dir='ltr'>flore,</span> <span class='ocrx_word' id='word_1_408' title='bbox 732 4019 814 4069; x_wconf 86' lang='lat' dir='ltr'>VRd.</span> <span class='ocrx_word' id='word_1_409' title='bbox 841 4033 913 4079; x_wconf 85' lang='lat' dir='ltr'>uere,</span> <span class='ocrx_word' id='word_1_410' title='bbox 929 4033 951 4067; x_wconf 88' lang='lat' dir='ltr'>a.</span> <span class='ocrx_word' id='word_1_411' title='bbox 971 4059 1002 4067; x_wconf 88' lang='lat'>..</span> <span class='ocrx_word' id='word_1_412' title='bbox 1029 4016 1153 4083; x_wconf 54' lang='lat' dir='ltr'>lychnide,</span> <span class='ocrx_word' id='word_1_413' title='bbox 1171 4019 1277 4070; x_wconf 87' lang='lat' dir='ltr'>Barbar.</span> 
     </span>
     <span class='ocr_line' id='line_1_43' title="bbox 159 4081 1276 4151; baseline 0.004 -21"><span class='ocrx_word' id='word_1_414' title='bbox 159 4081 296 4147; x_wconf 67' lang='lat' dir='ltr'>lyrbenidss,</span> <span class='ocrx_word' id='word_1_415' title='bbox 309 4085 413 4135; x_wconf 88' lang='lat' dir='ltr'>VRad.</span> <span class='ocrx_word' id='word_1_416' title='bbox 433 4126 464 4134; x_wconf 82' lang='grc'>-</span> <span class='ocrx_word' id='word_1_417' title='bbox 482 4100 545 4143; x_wconf 86' lang='lat' dir='ltr'>suco,</span> <span class='ocrx_word' id='word_1_418' title='bbox 557 4101 580 4135; x_wconf 86' lang='lat' dir='ltr'>a.</span> <span class='ocrx_word' id='word_1_419' title='bbox 597 4085 743 4144; x_wconf 73' lang='lat' dir='ltr'>suavus.</span> <span class='ocrx_word' id='word_1_420' title='bbox 766 4101 920 4148; x_wconf 84' lang='lat' dir='ltr'>superuacua.</span> <span class='ocrx_word' id='word_1_421' title='bbox 944 4085 1020 4136; x_wconf 81' lang='lat' dir='ltr'>Sucro</span> <span class='ocrx_word' id='word_1_422' title='bbox 1031 4086 1121 4149; x_wconf 81' lang='lat' dir='ltr'>efficax</span> <span class='ocrx_word' id='word_1_423' title='bbox 1132 4086 1194 4151; x_wconf 82' lang='lat' dir='ltr'>ipsa,</span> <span class='ocrx_word' id='word_1_424' title='bbox 1207 4103 1226 4137; x_wconf 87' lang='lat' dir='ltr'>r.</span> <span class='ocrx_word' id='word_1_425' title='bbox 1245 4126 1276 4135; x_wconf 92' lang='lat'>..</span> 
     </span>
     <span class='ocr_line' id='line_1_44' title="bbox 159 4151 1276 4216; baseline 0.004 -18"><span class='ocrx_word' id='word_1_426' title='bbox 159 4167 239 4199; x_wconf 74' lang='lat' dir='ltr'>stercus</span> <span class='ocrx_word' id='word_1_427' title='bbox 255 4168 266 4198; x_wconf 92' lang='lat' dir='ltr'>e</span> <span class='ocrx_word' id='word_1_428' title='bbox 274 4151 374 4215; x_wconf 84' lang='lat' dir='ltr'>fronde,</span> <span class='ocrx_word' id='word_1_429' title='bbox 387 4169 409 4202; x_wconf 86' lang='lat' dir='ltr'>a.</span> <span class='ocrx_word' id='word_1_430' title='bbox 436 4169 515 4200; x_wconf 85' lang='lat' dir='ltr'>succos</span> <span class='ocrx_word' id='word_1_431' title='bbox 531 4153 637 4215; x_wconf 81' lang='lat' dir='ltr'>efflante,</span> <span class='ocrx_word' id='word_1_432' title='bbox 654 4153 716 4203; x_wconf 85' lang='lat' dir='ltr'>VR.</span> <span class='ocrx_word' id='word_1_433' title='bbox 742 4151 935 4216; x_wconf 72' lang='lat' dir='ltr'>sucassesronde,</span> <span class='ocrx_word' id='word_1_434' title='bbox 953 4157 976 4204; x_wconf 92' lang='lat' dir='ltr'>d.</span> <span class='ocrx_word' id='word_1_435' title='bbox 1000 4195 1030 4204; x_wconf 91' lang='lat'>..</span> <span class='ocrx_word' id='word_1_436' title='bbox 1059 4154 1181 4210; x_wconf 64' lang='lat' dir='ltr'>concussa,</span> <span class='ocrx_word' id='word_1_437' title='bbox 1196 4158 1221 4205; x_wconf 86' lang='lat' dir='ltr'>d.</span> <span class='ocrx_word' id='word_1_438' title='bbox 1245 4193 1276 4202; x_wconf 87' lang='lat'>..</span> 
     </span>
     <span class='ocr_line' id='line_1_45' title="bbox 159 4215 1276 4284; baseline 0.005 -20"><span class='ocrx_word' id='word_1_439' title='bbox 159 4219 302 4279; x_wconf 81' lang='lat' dir='ltr'>centaurion,</span> <span class='ocrx_word' id='word_1_440' title='bbox 311 4222 346 4271; x_wconf 85' lang='lat' dir='ltr'>V.</span> <span class='ocrx_word' id='word_1_441' title='bbox 363 4220 516 4280; x_wconf 78' lang='lat' dir='ltr'>centaurium,</span> <span class='ocrx_word' id='word_1_442' title='bbox 526 4221 598 4269; x_wconf 89' lang='lat' dir='ltr'>Rad.</span> <span class='ocrx_word' id='word_1_443' title='bbox 610 4260 640 4269; x_wconf 84' lang='lat'>..</span> <span class='ocrx_word' id='word_1_444' title='bbox 656 4226 739 4281; x_wconf 84' lang='lat' dir='ltr'>terrae,</span> <span class='ocrx_word' id='word_1_445' title='bbox 749 4235 773 4269; x_wconf 85' lang='lat' dir='ltr'>a.</span> <span class='ocrx_word' id='word_1_446' title='bbox 786 4221 873 4272; x_wconf 86' lang='lat' dir='ltr'>Omiu.</span> <span class='ocrx_word' id='word_1_447' title='bbox 883 4222 995 4272; x_wconf 83' lang='lat' dir='ltr'>VRTd.</span> <span class='ocrx_word' id='word_1_448' title='bbox 1007 4262 1037 4271; x_wconf 90' lang='lat'>..</span> <span class='ocrx_word' id='word_1_449' title='bbox 1050 4238 1155 4284; x_wconf 67' lang='lat' dir='ltr'>mecum,</span> <span class='ocrx_word' id='word_1_450' title='bbox 1169 4215 1276 4274; x_wconf 71' lang='lat' dir='ltr'>OVRd.</span> 
     </span>
     <span class='ocr_line' id='line_1_46' title="bbox 159 4282 599 4352; baseline 0.009 -18"><span class='ocrx_word' id='word_1_451' title='bbox 159 4300 226 4348; x_wconf 77' lang='lat' dir='ltr'>exea,</span> <span class='ocrx_word' id='word_1_452' title='bbox 236 4303 260 4336; x_wconf 86' lang='lat' dir='ltr'>a.</span> <span class='ocrx_word' id='word_1_453' title='bbox 284 4303 386 4349; x_wconf 85' lang='lat' dir='ltr'>aeream,</span> <span class='ocrx_word' id='word_1_454' title='bbox 398 4305 418 4339; x_wconf 90' lang='lat' dir='ltr'>r.</span> <span class='ocrx_word' id='word_1_455' title='bbox 442 4303 538 4350; x_wconf 78' lang='lat' dir='ltr'>esocen,</span> <span class='ocrx_word' id='word_1_456' title='bbox 549 4282 599 4352; x_wconf 79' lang='grc' dir='ltr'>βγ.</span> 
     </span>
    </p>
   </div>
   <div class='ocr_carea' id='block_1_7' title="bbox 0 0 1466 4800">
    <p class='ocr_par' dir='ltr' id='par_1_9' title="bbox 0 0 1466 4800">
     <span class='ocr_line' id='line_1_47' title="bbox 0 0 1466 4800; baseline 0 0"><span class='ocrx_word' id='word_1_457' title='bbox 0 0 1466 4800; x_wconf 95' lang='lat' dir='ltr'> </span> 
     </span>
    </p>
   </div>
  </div>
 </body>
</html>
