2918 4800
199 291 263 354 230
549 305 753 353 aerumma
775 305 972 355 macomus

240 462 293 524 47.
319 456 482 542 Dipsacos
510 455 586 522 folia
612 456 710 523 habet
736 458 883 523 lactucae
910 457 1078 539 bullasque
1113 457 1260 543 spinosas
1286 458 1320 524 in
1335 474 1363 520 τι

198 559 286 623 dorsi
306 559 421 635 medio,
443 558 567 623 caulem
586 558 686 622 duum
700 558 882 624 cubitorum
894 558 1011 623 iisdem
1027 558 1130 643 spinis
1143 558 1320 638 borridum,

198 660 347 748 genicula
375 661 444 725 eius
471 658 557 725 binis
584 659 668 726 foliis
697 659 974 744 amplectentibus,
1003 681 1175 724 concavom
1197 661 1321 726 alarum

199 761 314 838 sinum,
336 761 370 824 in
386 782 450 844 quo
465 760 611 826 subsistit
632 783 687 826 ros
708 762 827 836 salsum
848 760 883 824 in
904 760 1068 825 cacumine
1082 761 1222 846 capitula
1244 773 1322 827 sunt

199 862 344 928 echinata
366 863 478 948 spinis.
500 861 653 926 Nascitur
673 862 706 926 in
728 862 870 947 aquosis,
893 874 984 927 sanat
1004 862 1103 927 rimas
1124 862 1221 940 sedis,
1242 863 1322 928 item

197 964 321 1030 fistulas
343 963 475 1028 decocta
495 963 531 1027 in
552 963 628 1028 vino
650 964 758 1029 radice
779 986 883 1048 usque
905 964 983 1028 dum
1005 964 1048 1029 sit
1065 964 1245 1030 crassitudo
1266 987 1321 1030 ce-

198 1088 253 1130 rae
267 1076 304 1130 ut
317 1065 420 1151 possit
433 1065 467 1129 in
480 1065 604 1130 fistulas
619 1065 786 1150 collyrium
801 1066 896 1144 mitti,
918 1066 997 1130 item
1011 1088 1163 1131 verrucas
1179 1066 1323 1130 omnium

198 1190 364 1256 generum.
388 1165 530 1248 Quidam
552 1178 584 1231 et
605 1167 727 1232 alarum
750 1190 831 1251 quas
854 1190 952 1252 supra
974 1168 1115 1232 diximus
1136 1189 1248 1232 sucum
1270 1169 1322 1234 in-

197 1268 303 1337 linunt
322 1268 383 1332 his
751 1321 759 1334 .

240 1371 294 1435 48.
322 1369 518 1457 Dryopteris
544 1369 630 1435 felici
656 1369 769 1435 similis
796 1371 831 1434 in
852 1369 1021 1435 arboribus
1049 1369 1202 1448 nascitur,
1233 1370 1322 1434 tenui
1336 1386 1368 1432 72

198 1468 344 1535 foliorum
366 1471 569 1537 subdulcium
590 1469 739 1548 incisura,
761 1471 870 1536 radice
887 1471 1022 1536 hirsuta
1045 1470 1108 1536 Vis
1129 1471 1159 1535 ei
1182 1471 1323 1536 causdca

200 1582 267 1650 est3
296 1573 370 1638 ideo
395 1573 565 1658 psilotrum
591 1584 640 1638 est
668 1572 762 1637 radix
789 1583 899 1649 tunsa;
932 1572 1077 1636 inlinitur
1105 1572 1190 1637 enim
1218 1594 1323 1656 usque

199 1673 276 1737 dum
309 1674 443 1741 sudores
476 1686 588 1740 evocet
618 1675 797 1759 iterumque
831 1686 864 1740 et
898 1675 1044 1752 tertium,
1076 1675 1122 1738 ita
1149 1697 1190 1738 ue
1224 1673 1324 1738 sudor

200 1776 357 1841 abluatur.

242 1880 294 1942 49.
318 1877 545 1964 Dryopbonon
567 1879 680 1944 similis
701 1877 802 1944 herba
822 1889 872 1943 est
894 1877 1060 1942 cauliculis
1080 1876 1243 1955 tenuibus,
1264 1899 1325 1942 cu·
1339 1893 1369 1939 7³

201 1979 367 2056 bitalibus,
401 1980 606 2046 circumdatis
636 1980 800 2063 utrimque
825 1978 911 2045 foliis
942 1979 1084 2065 polbcari
1113 1979 1323 2064 amplitudine

201 2081 309 2165 qualia
334 2082 568 2166 oxymyrsines,
597 2082 654 2148 sed
674 2081 921 2147 'candidioribus
946 2081 1220 2164 mollioribusque‚
1246 2079 1325 2145 flore

202 2183 338 2248 candido
353 2184 507 2248 sambuci.
528 2183 641 2259 Edunt
654 2183 826 2249 cauliculos
840 2183 1000 2261 decoctos,
1024 2183 1144 2249 semine
1163 2205 1241 2247 vero
1255 2181 1325 2246 eius

200 2307 260 2371 pro
281 2286 394 2370 pipere
415 2295 559 2350 utuntur.

245 2387 296 2451 50.
325 2385 453 2450 Elatiae
475 2386 553 2451 folia
572 2385 669 2451 habet
694 2386 853 2464 helxinae,
880 2385 1008 2471 pusilla,
1036 2386 1149 2471 pilosa,
1177 2384 1372 2463 rotundatu

203 2485 453 2571 semipedalibus
474 2487 605 2552 ramulis
626 2486 734 2570 quinis
757 2488 882 2553 senisve
903 2511 923 2552 a
936 2487 1046 2552 radice
1061 2486 1170 2551 statim
1185 2485 1331 2562 foliosis3⁴

205 2586 348 2653 nascitur
369 2587 403 2651 in
426 2598 551 2674 segete,
580 2587 698 2654 acerba
724 2599 825 2677 gustu
850 2599 883 2654 et
910 2588 981 2653 ideo
1008 2588 1173 2654 oculorum
1198 2586 1325 2652 fluctio-

202 2799 267 2846 haec
278 2798 355 2845 verba
365 2797 489 2846 Harduin.
502 2800 534 2847 ad
546 2799 678 2861 sequentia
690 2800 784 2859 retulit,
800 2800 837 2848 ita
848 2806 877 2847 ut
888 2813 981 2847 novam
993 2799 1126 2861 periodum
1137 2796 1284 2859 incipientia
1295 2797 1327 2844 de

197 2865 307 2928 dipsaco
324 2865 446 2926 dicautur,
465 2866 559 2930 quippe
575 2880 633 2915 cum
651 2881 729 2916 cocco
743 2867 834 2917 Cnidio
847 2867 918 2916 alvus
930 2881 981 2914 nou
993 2867 1096 2915 sistatur
1113 2861 1196 2928 (quod
1207 2879 1272 2912 unus
1284 2877 1326 2911 ve-
1417 2898 1422 2909 .

203 2941 284 2982 terum
296 2933 460 2995 interpretum
472 2934 583 2983 sentiens
595 2935 621 2982 in
633 2936 747 2996 margine
756 2933 915 2997 Dalecampii
927 2933 973 2981 ciet
984 2931 1112 2995 coniecit).
1125 2934 1179 2983 Nos
1192 2946 1251 2980 vero
1263 2925 1328 2991 adst

202 3001 295 3050 reversi
310 3001 395 3062 potius
411 3016 523 3051 errorem
539 3002 652 3064 aliquem
668 3003 746 3052 Plinii
762 3002 803 3051 vel
820 3003 937 3050 lacunam
955 3015 1091 3064 agnoscere
1108 3001 1247 3059 malumus,
1268 3013 1328 3046 eum

202 3083 306 3132 prorsus
318 3068 351 3118 sit
362 3069 508 3118 incredibile
519 3069 632 3119 Plinium
643 3078 732 3120 eontra
743 3077 901 3119 constantem
915 3084 989 3119 suum
1001 3084 1075 3119 usum
1086 3069 1113 3116 in
1125 3069 1174 3117 hac
1185 3083 1237 3116 une
1248 3068 1328 3115 herba

202 3136 300 3186 nomini
317 3136 410 3186 herbae
425 3137 622 3200 praemissurum
638 3137 716 3187 inisse
732 3137 837 3201 aliquod
854 3139 909 3187 eius
929 3137 1154 3197 medicamentum,
1175 3149 1233 3186 cnm
1250 3135 1328 3197 longe

203 3205 285 3269 plura,
298 3207 341 3254 sed
353 3205 399 3253 illa
411 3220 515 3268 prorsus
528 3206 592 3255 alius
604 3207 703 3268 generis
714 3206 781 3255 infra
792 3209 894 3256 demum
906 3211 1098 3254 commemoret.

238 3270 310 3332 §ih
333 3272 460 3335 Dipsoeos,
476 3274 545 3322 Rea.
571 3273 719 3337 Dipsuquos,
732 3275 758 3323 V
775 3288 808 3323 ex
825 3274 923 3323 emend.
950 3270 1082 3335 Dipsccca,
1096 3265 1146 3320 Od.
1173 3267 1263 3332 Dipaa,
1281 3269 1327 3319 R'.

204 3339 323 3390 Ceterum
339 3357 362 3389 v.
380 3341 496 3391 Dioscor.
514 3347 538 3402 8,
554 3347 593 3393 ll.
611 3383 642 3392 ..
667 3340 742 3401 caule,
759 3357 781 3391 a.
801 3381 832 3391 ..
857 3339 978 3400 torridum,
991 3356 1014 3389 a.
1034 3380 1064 3388 ..
1087 3335 1236 3402 cruccicula,
1253 3353 1276 3385 a.
1297 3376 1324 3383 ..

203 3407 466 3469 concavum-riuum,
488 3411 523 3457 ita
542 3425 590 3459 nos
610 3410 762 3472 scripsimus.
792 3408 1033 3467 concavo-sinum,
1051 3408 1084 3457 V.
1114 3401 1327 3463 concavo-sina,

203 3471 326 3539 Radssr,
343 3490 407 3539 quae
419 3477 543 3540 scriptura
555 3479 684 3539 quomodo
700 3479 733 3526 sit
750 3485 812 3537 orta,
829 3476 956 3526 nemiuem
973 3475 1048 3536 fugit.
1068 3516 1098 3524 ..
1121 3472 1234 3532 subsistit,
1251 3472 1277 3522 V
1295 3487 1328 3520 ex
1379 3526 1381 3528 ,

200 3545 303 3598 emend.
321 3543 431 3604 substitit,
448 3537 568 3607 osser.
588 3585 619 3592 ..
637 3543 723 3606 rosula,
735 3545 779 3593 R'.
799 3585 830 3594 .-
848 3543 932 3608 spinis,
945 3545 1026 3593 omitt
1040 3559 1079 3591 ar.
1100 3583 1129 3591 ..
1150 3540 1241 3600 bimas,
1254 3556 1277 3588 a.
1296 3579 1326 3588 -

203 3626 280 3670 caue,
292 3611 326 3661 V.
345 3651 377 3660 ..
399 3609 541 3673 infistulos,
558 3604 695 3662 OVRTu.
723 3612 747 3660 iu
755 3610 874 3673 fistulam,
886 3613 918 3661 Κ.
945 3606 1135 3672 infistulaass.
1156 3650 1186 3657 ..
1209 3608 1288 3668 mittit,
1305 3622 1327 3655 a.

204 3678 305 3736 ieamitti,
317 3681 349 3729 K.
371 3719 401 3728 ..
424 3678 533 3739 Quidem,
545 3680 620 3728 VR¹.
639 3721 671 3729 ..
690 3678 802 3740 altorum,
814 3681 911 3730 vau.

239 3750 307 3810 §72
330 3746 571 3812 crysoprasus.
595 3747 917 3808 Ceterumv.Dioseor.t,
933 3753 988 3797 186.
1007 3789 1038 3796 ..
1054 3744 1122 3810 filici
1135 3744 1226 3802 simila,
1243 3748 1267 3795 d.
1286 3743 1328 3805 se-

206 3813 256 3863 licis
273 3814 365 3873 similia,
382 3816 433 3864 Ra.
452 3813 614 3880 felicissimis,
632 3817 664 3864 V.
690 3857 720 3865 -
747 3815 870 3873 incissuras,
888 3831 911 3864 a
930 3855 960 3864 -
985 3813 1009 3862 ei
1023 3813 1166 3863 caustica..
1176 3821 1238 3875 tuso,
1254 3813 1329 3871 R2'a3
1394 3846 1397 3851 -

207 3884 288 3931 omitt.
301 3884 396 3932 VR'd.
422 3883 540 3934 Ceteram
558 3887 614 3933 cod.
627 3898 643 3931 a
654 3882 707 3931 ideo
719 3891 742 3931 et
751 3883 876 3946 psilotrum
888 3890 922 3931 est
932 3884 1017 3932 habet.
1038 3923 1069 3931 ..
1088 3889 1176 3942 evocet,
1189 3898 1211 3930 a.
1235 3895 1329 3928 evocen-

207 3957 252 4009 tur,
264 3951 297 3999 K.
316 3990 347 3998 -
367 3949 495 4013 iterumque
507 3958 530 3997 et
542 3951 641 4012 tertium,
654 3952 686 4000 R.
701 3951 792 4007 ‚iterum
803 3960 826 3999 et
838 3951 937 4011 tertium,
953 3944 1012 4000 GV.
1036 3949 1120 3998 iterum
1132 3958 1155 3998 et
1167 3948 1243 4009 tertio,
1256 3949 1329 3997 Tad.

206 4016 335 4078 iterumque
346 4025 368 4064 et
380 4017 455 4078 tertio,
467 4014 518 4082 βγ.

240 4087 308 4147 §ta
326 4084 468 4148 Draeffouo,
481 4087 561 4135 Vita.
585 4085 727 4151 Drapbcuc‚
739 4089 763 4137 d.
784 4128 814 4135 -
833 4085 981 4146 cubitalibus,
993 4089 1062 4138 R²a
1081 4087 1168 4138 Omitt.
1181 4086 1278 4135 VR'd.
1299 4125 1328 4132 ..

206 4150 369 4268 mactatus,
382 4156 405 4202 d.
427 4195 456 4203 ..
476 4155 631 4220 oxymyrsine,
643 4156 699 4205 vd.
720 4195 750 4204 ..
769 4154 859 4214 sabuci,
871 4154 925 4204 Va.
938 4195 968 4204 -
988 4153 1101 4214 decoctos,
1113 4155 1167 4203 Rd.
1186 4152 1286 4213 decocto,
1296 4154 1329 4202 V.

275 4228 312 4279 tis,
325 4237 348 4270 a.

240 4290 254 4351 §
268 4288 307 4337 74.
325 4286 430 4352 Elatiae,
443 4291 511 4341 R2a.
529 4288 640 4354 Etesiae,
652 4290 747 4342 VR¹d.
767 4289 886 4342 Ceterum
898 4305 920 4338 r.
932 4290 1049 4341 Dioscor.
1063 4296 1086 4351 4,
1100 4297 1146 4349 40,
1160 4330 1191 4339 ..
1211 4287 1329 4350 betriaco,
