<?xml version="1.0" encoding="UTF-8"?>
<!DOCTYPE html PUBLIC "-//W3C//DTD XHTML 1.0 Transitional//EN"
    "http://www.w3.org/TR/xhtml1/DTD/xhtml1-transitional.dtd">
<html xmlns="http://www.w3.org/1999/xhtml" xml:lang="en" lang="en">
 <head>
  <title>
</title>
<meta http-equiv="Content-Type" content="text/html;charset=utf-8" />
  <meta name='ocr-system' content='tesseract 3.04.00' />
  <meta name='ocr-capabilities' content='ocr_page ocr_carea ocr_par ocr_line ocrx_word'/>
</head>
<body>
  <div class='ocr_page' id='page_1' title='image "./cplinisecundina10plingoog_0477.png"; bbox 0 0 2918 4800; ppageno 0'>
   <div class='ocr_carea' id='block_1_1' title="bbox 143 279 856 345">
    <p class='ocr_par' dir='ltr' id='par_1_1' title="bbox 143 279 856 345">
     <span class='ocr_line' id='line_1_1' title="bbox 143 279 856 345; baseline 0.004 -3"><span class='ocrx_word' id='word_1_1' title='bbox 143 279 205 345; x_wconf 86' lang='lat'><em>468</em></span> <span class='ocrx_word' id='word_1_2' title='bbox 547 297 659 345; x_wconf 76' lang='lat' dir='ltr'><strong><em>mccx</em></strong></span> <span class='ocrx_word' id='word_1_3' title='bbox 682 297 856 345; x_wconf 76' lang='lat' dir='ltr'><strong><em>emmaus.</em></strong></span> 
     </span>
    </p>
   </div>
   <div class='ocr_carea' id='block_1_2' title="bbox 144 447 1265 1196">
    <p class='ocr_par' dir='ltr' id='par_1_2' title="bbox 179 447 1264 520">
     <span class='ocr_line' id='line_1_2' title="bbox 179 447 1264 520; baseline 0.002 -17"><span class='ocrx_word' id='word_1_4' title='bbox 179 458 235 503; x_wconf 91' lang='lat'><em>140.</em></span> <span class='ocrx_word' id='word_1_5' title='bbox 246 450 362 517; x_wconf 78' lang='lat' dir='ltr'><strong><em>Psyllmn,</em></strong></span> <span class='ocrx_word' id='word_1_6' title='bbox 373 447 402 513; x_wconf 80' lang='grc' dir='ltr'><strong><em>β.</em></strong></span> <span class='ocrx_word' id='word_1_7' title='bbox 421 451 582 517; x_wconf 63' lang='lat' dir='ltr'><strong><em>chrystallum</em></strong></span> <span class='ocrx_word' id='word_1_8' title='bbox 598 449 627 514; x_wconf 76' lang='grc' dir='ltr'><strong><em>β.</em></strong></span> <span class='ocrx_word' id='word_1_9' title='bbox 648 460 703 505; x_wconf 94' lang='grc'><strong>141.</strong></span> <span class='ocrx_word' id='word_1_10' title='bbox 720 453 875 516; x_wconf 71' lang='lat' dir='ltr'><strong><em>contrahitur,</em></strong></span> <span class='ocrx_word' id='word_1_11' title='bbox 890 470 947 507; x_wconf 86' lang='lat' dir='ltr'><em>nos.</em></span> <span class='ocrx_word' id='word_1_12' title='bbox 969 453 1144 520; x_wconf 79' lang='lat' dir='ltr'><strong><em>Ihryselinum,</em></strong></span> <span class='ocrx_word' id='word_1_13' title='bbox 1155 455 1264 506; x_wconf 83' lang='lat' dir='ltr'><strong><em>Barber.</em></strong></span> 
     </span>
    </p>

    <p class='ocr_par' dir='ltr' id='par_1_3' title="bbox 144 515 1265 1196">
     <span class='ocr_line' id='line_1_3' title="bbox 144 515 1265 588; baseline 0.003 -18"><span class='ocrx_word' id='word_1_14' title='bbox 144 566 148 585; x_wconf 72' lang='lat'><em>‚</em></span> <span class='ocrx_word' id='word_1_15' title='bbox 178 526 235 571; x_wconf 87' lang='grc'><strong>142.</strong></span> <span class='ocrx_word' id='word_1_16' title='bbox 246 519 353 581; x_wconf 71' lang='lat' dir='ltr'><strong><em>minoris,</em></strong></span> <span class='ocrx_word' id='word_1_17' title='bbox 365 515 395 581; x_wconf 77' lang='grc' dir='ltr'><strong><em>β.</em></strong></span> <span class='ocrx_word' id='word_1_18' title='bbox 415 519 691 574; x_wconf 72' lang='grc' dir='ltr'><strong>143.414“444111.1544ἰ41</strong></span> <span class='ocrx_word' id='word_1_19' title='bbox 709 539 760 572; x_wconf 90' lang='lat' dir='ltr'><strong><em>cum</em></strong></span> <span class='ocrx_word' id='word_1_20' title='bbox 776 522 943 586; x_wconf 74' lang='lat' dir='ltr'><em>quinquefolio,</em></span> <span class='ocrx_word' id='word_1_21' title='bbox 959 519 998 584; x_wconf 71' lang='lat' dir='ltr'><strong><em>st?</em></strong></span> <span class='ocrx_word' id='word_1_22' title='bbox 1022 521 1167 588; x_wconf 83' lang='lat' dir='ltr'><strong><em>cyclamincn</em></strong></span> <span class='ocrx_word' id='word_1_23' title='bbox 1183 521 1217 580; x_wconf 85' lang='lat' dir='ltr'><strong><em>in,</em></strong></span> <span class='ocrx_word' id='word_1_24' title='bbox 1233 519 1265 584; x_wconf 80' lang='grc' dir='ltr'><strong><em>β.</em></strong></span> 
     </span>
     <span class='ocr_line' id='line_1_4' title="bbox 175 583 1264 656; baseline 0.004 -20"><span class='ocrx_word' id='word_1_25' title='bbox 175 587 291 652; x_wconf 88' lang='lat' dir='ltr'><strong><em>Psyllian,</em></strong></span> <span class='ocrx_word' id='word_1_26' title='bbox 302 583 332 650; x_wconf 82' lang='grc' dir='ltr'><strong><em>β.</em></strong></span> <span class='ocrx_word' id='word_1_27' title='bbox 352 594 409 638; x_wconf 92' lang='grc'><strong>144.</strong></span> <span class='ocrx_word' id='word_1_28' title='bbox 421 587 560 651; x_wconf 87' lang='lat' dir='ltr'><strong><em>corchoron,</em></strong></span> <span class='ocrx_word' id='word_1_29' title='bbox 571 585 600 650; x_wconf 75' lang='grc' dir='ltr'><strong><em>β.</em></strong></span> <span class='ocrx_word' id='word_1_30' title='bbox 621 595 678 641; x_wconf 94' lang='grc'><strong>145.</strong></span> <span class='ocrx_word' id='word_1_31' title='bbox 690 599 724 654; x_wconf 87' lang='grc'><strong><em>41,</em></strong></span> <span class='ocrx_word' id='word_1_32' title='bbox 735 586 764 652; x_wconf 79' lang='grc' dir='ltr'><strong><em>β.</em></strong></span> <span class='ocrx_word' id='word_1_33' title='bbox 782 607 843 651; x_wconf 72' lang='lat' dir='ltr'><strong><em>mm,</em></strong></span> <span class='ocrx_word' id='word_1_34' title='bbox 854 586 884 652; x_wconf 68' lang='grc'><strong><em>19.</em></strong></span> <span class='ocrx_word' id='word_1_35' title='bbox 893 591 967 653; x_wconf 83' lang='lat' dir='ltr'><strong><em>serus</em></strong></span> <span class='ocrx_word' id='word_1_36' title='bbox 978 589 1065 653; x_wconf 87' lang='lat' dir='ltr'><strong><em>oculus,</em></strong></span> <span class='ocrx_word' id='word_1_37' title='bbox 1076 587 1105 651; x_wconf 81' lang='grc' dir='ltr'><strong><em>β.</em></strong></span> <span class='ocrx_word' id='word_1_38' title='bbox 1119 595 1176 640; x_wconf 89' lang='grc'><strong>146.</strong></span> <span class='ocrx_word' id='word_1_39' title='bbox 1188 589 1264 656; x_wconf 84' lang='lat' dir='ltr'><strong><em>Aeyi·</em></strong></span> 
     </span>
     <span class='ocr_line' id='line_1_5' title="bbox 177 651 1264 722; baseline 0.004 -18"><span class='ocrx_word' id='word_1_40' title='bbox 177 653 250 720; x_wconf 85' lang='lat' dir='ltr'><strong><em>lopas,</em></strong></span> <span class='ocrx_word' id='word_1_41' title='bbox 270 651 300 716; x_wconf 76' lang='grc' dir='ltr'><strong><em>β.</em></strong></span> <span class='ocrx_word' id='word_1_42' title='bbox 329 661 384 706; x_wconf 88' lang='lat'><em>148.</em></span> <span class='ocrx_word' id='word_1_43' title='bbox 405 654 492 716; x_wconf 89' lang='lat' dir='ltr'><strong><em>album,</em></strong></span> <span class='ocrx_word' id='word_1_44' title='bbox 512 652 551 718; x_wconf 67' lang='lat' dir='ltr'><strong><em>a?</em></strong></span> <span class='ocrx_word' id='word_1_45' title='bbox 580 663 636 708; x_wconf 82' lang='grc'><strong>149.</strong></span> <span class='ocrx_word' id='word_1_46' title='bbox 656 656 720 707; x_wconf 87' lang='lat' dir='ltr'><strong><em>alias</em></strong></span> <span class='ocrx_word' id='word_1_47' title='bbox 739 656 873 719; x_wconf 88' lang='lat' dir='ltr'><strong><em>recentium,</em></strong></span> <span class='ocrx_word' id='word_1_48' title='bbox 893 659 1016 710; x_wconf 74' lang='lat' dir='ltr'><strong><em>Barbam?</em></strong></span> <span class='ocrx_word' id='word_1_49' title='bbox 1045 664 1100 708; x_wconf 86' lang='grc'><strong>151.</strong></span> <span class='ocrx_word' id='word_1_50' title='bbox 1121 657 1211 722; x_wconf 80' lang='lat' dir='ltr'><strong><em>alyere,</em></strong></span> <span class='ocrx_word' id='word_1_51' title='bbox 1234 653 1264 720; x_wconf 76' lang='grc' dir='ltr'><strong><em>β.</em></strong></span> 
     </span>
     <span class='ocr_line' id='line_1_6' title="bbox 178 719 1265 792; baseline 0 -19"><span class='ocrx_word' id='word_1_52' title='bbox 178 729 233 774; x_wconf 85' lang='lat' dir='ltr'><em>15s.</em></span> <span class='ocrx_word' id='word_1_53' title='bbox 246 722 325 774; x_wconf 72' lang='lat' dir='ltr'><strong><em>altos?</em></strong></span> <span class='ocrx_word' id='word_1_54' title='bbox 349 730 406 774; x_wconf 74' lang='lat'><em>154.</em></span> <span class='ocrx_word' id='word_1_55' title='bbox 423 723 467 784; x_wconf 79' lang='lat' dir='ltr'><strong><em>ms,</em></strong></span> <span class='ocrx_word' id='word_1_56' title='bbox 483 719 513 785; x_wconf 79' lang='grc' dir='ltr'><strong><em>β.</em></strong></span> <span class='ocrx_word' id='word_1_57' title='bbox 531 724 608 784; x_wconf 69' lang='lat' dir='ltr'><strong><em>San,</em></strong></span> <span class='ocrx_word' id='word_1_58' title='bbox 619 720 649 786; x_wconf 79' lang='grc' dir='ltr'><strong><em>β.</em></strong></span> <span class='ocrx_word' id='word_1_59' title='bbox 669 731 725 776; x_wconf 76' lang='lat' dir='ltr'><strong><em>roo.</em></strong></span> <span class='ocrx_word' id='word_1_60' title='bbox 740 724 867 783; x_wconf 68' lang='lat' dir='ltr'><strong><em>memma,</em></strong></span> <span class='ocrx_word' id='word_1_61' title='bbox 879 722 908 787; x_wconf 77' lang='grc' dir='ltr'><strong><em>β.</em></strong></span> <span class='ocrx_word' id='word_1_62' title='bbox 925 725 1047 792; x_wconf 74' lang='lat' dir='ltr'><strong><em>pantes,</em></strong></span> <span class='ocrx_word' id='word_1_63' title='bbox 1062 727 1166 776; x_wconf 64' lang='lat' dir='ltr'><strong><em>Barbas.</em></strong></span> <span class='ocrx_word' id='word_1_64' title='bbox 1189 725 1265 790; x_wconf 81' lang='lat' dir='ltr'><strong><em>moly-</em></strong></span> 
     </span>
     <span class='ocr_line' id='line_1_7' title="bbox 176 786 1265 857; baseline 0.004 -18"><span class='ocrx_word' id='word_1_65' title='bbox 176 790 277 852; x_wconf 89' lang='lat' dir='ltr'><strong><em>bdaena,</em></strong></span> <span class='ocrx_word' id='word_1_66' title='bbox 288 786 317 852; x_wconf 80' lang='grc' dir='ltr'><strong><em>β.</em></strong></span> <span class='ocrx_word' id='word_1_67' title='bbox 336 789 425 853; x_wconf 78' lang='lat' dir='ltr'><strong><em>radice,</em></strong></span> <span class='ocrx_word' id='word_1_68' title='bbox 436 786 466 853; x_wconf 81' lang='grc' dir='ltr'><strong><em>β.</em></strong></span> <span class='ocrx_word' id='word_1_69' title='bbox 487 789 578 856; x_wconf 82' lang='lat' dir='ltr'><strong><em>Capros</em></strong></span> <span class='ocrx_word' id='word_1_70' title='bbox 586 793 675 857; x_wconf 89' lang='lat' dir='ltr'><strong><em>prima,</em></strong></span> <span class='ocrx_word' id='word_1_71' title='bbox 687 788 716 854; x_wconf 68' lang='grc'><strong><em>19.</em></strong></span> <span class='ocrx_word' id='word_1_72' title='bbox 731 798 788 845; x_wconf 90' lang='grc'><strong>157.</strong></span> <span class='ocrx_word' id='word_1_73' title='bbox 799 791 922 854; x_wconf 72' lang='lat' dir='ltr'><strong><em>Ponticae,</em></strong></span> <span class='ocrx_word' id='word_1_74' title='bbox 934 791 989 842; x_wconf 88' lang='lat' dir='ltr'><strong><em>dein</em></strong></span> <span class='ocrx_word' id='word_1_75' title='bbox 1004 791 1140 855; x_wconf 78' lang='lat' dir='ltr'><strong><em>Galaticae,</em></strong></span> <span class='ocrx_word' id='word_1_76' title='bbox 1151 788 1190 854; x_wconf 70' lang='lat' dir='ltr'><strong><em>ssl</em></strong></span> <span class='ocrx_word' id='word_1_77' title='bbox 1203 793 1265 843; x_wconf 88' lang='lat' dir='ltr'><strong><em>utri-</em></strong></span> 
     </span>
     <span class='ocr_line' id='line_1_8' title="bbox 176 855 1264 928; baseline 0.002 -21"><span class='ocrx_word' id='word_1_78' title='bbox 176 859 225 920; x_wconf 88' lang='lat' dir='ltr'><strong><em>bus,</em></strong></span> <span class='ocrx_word' id='word_1_79' title='bbox 237 855 266 928; x_wconf 80' lang='grc' dir='ltr'><strong><em>β.</em></strong></span> <span class='ocrx_word' id='word_1_80' title='bbox 287 864 342 909; x_wconf 90' lang='grc'><strong>159.</strong></span> <span class='ocrx_word' id='word_1_81' title='bbox 353 857 419 922; x_wconf 74' lang='lat' dir='ltr'><strong><em>falec</em></strong></span> <span class='ocrx_word' id='word_1_82' title='bbox 430 858 523 924; x_wconf 90' lang='lat' dir='ltr'><strong><em>pinyui,</em></strong></span> <span class='ocrx_word' id='word_1_83' title='bbox 539 875 588 910; x_wconf 87' lang='lat' dir='ltr'><strong><em>nos</em></strong></span> <span class='ocrx_word' id='word_1_84' title='bbox 601 874 660 911; x_wconf 88' lang='lat' dir='ltr'><strong><em>cum</em></strong></span> <span class='ocrx_word' id='word_1_85' title='bbox 672 861 796 912; x_wconf 79' lang='lat' dir='ltr'><strong><em>Barbara.</em></strong></span> <span class='ocrx_word' id='word_1_86' title='bbox 814 859 883 920; x_wconf 83' lang='lat' dir='ltr'><strong><em>uelut,</em></strong></span> <span class='ocrx_word' id='word_1_87' title='bbox 895 857 924 923; x_wconf 78' lang='grc' dir='ltr'><strong><em>β.</em></strong></span> <span class='ocrx_word' id='word_1_88' title='bbox 942 861 1017 922; x_wconf 77' lang='lat' dir='ltr'><strong><em>aizoo,</em></strong></span> <span class='ocrx_word' id='word_1_89' title='bbox 1029 876 1085 911; x_wconf 85' lang='lat' dir='ltr'><em>nos.</em></span> <span class='ocrx_word' id='word_1_90' title='bbox 1105 865 1161 911; x_wconf 89' lang='grc'><strong>160.</strong></span> <span class='ocrx_word' id='word_1_91' title='bbox 1172 867 1264 925; x_wconf 81' lang='lat' dir='ltr'><strong><em>slerye-</em></strong></span> 
     </span>
     <span class='ocr_line' id='line_1_9' title="bbox 176 923 1265 991; baseline 0.003 -16"><span class='ocrx_word' id='word_1_92' title='bbox 176 926 251 986; x_wconf 91' lang='lat' dir='ltr'><strong><em>thron,</em></strong></span> <span class='ocrx_word' id='word_1_93' title='bbox 263 923 292 988; x_wconf 84' lang='grc' dir='ltr'><strong><em>β.</em></strong></span> <span class='ocrx_word' id='word_1_94' title='bbox 310 924 459 991; x_wconf 83' lang='lat' dir='ltr'><strong><em>hypoyesum,</em></strong></span> <span class='ocrx_word' id='word_1_95' title='bbox 470 923 499 989; x_wconf 80' lang='grc' dir='ltr'><strong><em>β.</em></strong></span> <span class='ocrx_word' id='word_1_96' title='bbox 517 926 636 986; x_wconf 86' lang='lat' dir='ltr'><strong><em>erithales,</em></strong></span> <span class='ocrx_word' id='word_1_97' title='bbox 647 924 676 989; x_wconf 81' lang='grc' dir='ltr'><strong><em>β.</em></strong></span> <span class='ocrx_word' id='word_1_98' title='bbox 696 927 810 988; x_wconf 74' lang='lat' dir='ltr'><strong><em>trithaha,</em></strong></span> <span class='ocrx_word' id='word_1_99' title='bbox 822 924 853 990; x_wconf 77' lang='grc' dir='ltr'><strong><em>β.</em></strong></span> <span class='ocrx_word' id='word_1_100' title='bbox 870 929 960 990; x_wconf 69' lang='lat' dir='ltr'><strong><em>mactes,</em></strong></span> <span class='ocrx_word' id='word_1_101' title='bbox 970 927 1022 988; x_wconf 86' lang='lat' dir='ltr'><strong><em>sed,</em></strong></span> <span class='ocrx_word' id='word_1_102' title='bbox 1033 924 1072 990; x_wconf 67' lang='grc'><strong><em>191</em></strong></span> <span class='ocrx_word' id='word_1_103' title='bbox 1088 934 1143 978; x_wconf 91' lang='grc'><strong>161.</strong></span> <span class='ocrx_word' id='word_1_104' title='bbox 1144 926 1223 991; x_wconf 87' lang='lat' dir='ltr'><strong><em>solia,</em></strong></span> <span class='ocrx_word' id='word_1_105' title='bbox 1233 924 1265 988; x_wconf 80' lang='grc' dir='ltr'><strong><em>β.</em></strong></span> 
     </span>
     <span class='ocr_line' id='line_1_10' title="bbox 177 992 1265 1060; baseline -0.001 -15"><span class='ocrx_word' id='word_1_106' title='bbox 177 999 233 1045; x_wconf 92' lang='grc'><strong>162.</strong></span> <span class='ocrx_word' id='word_1_107' title='bbox 246 992 399 1054; x_wconf 72' lang='lat' dir='ltr'><strong><em>andrachlen,</em></strong></span> <span class='ocrx_word' id='word_1_108' title='bbox 411 1010 467 1045; x_wconf 85' lang='lat' dir='ltr'><em>nos.</em></span> <span class='ocrx_word' id='word_1_109' title='bbox 484 996 580 1060; x_wconf 69' lang='grc'><strong>494144,</strong></span> <span class='ocrx_word' id='word_1_110' title='bbox 591 997 700 1047; x_wconf 81' lang='lat' dir='ltr'><strong><em>Burbur.</em></strong></span> <span class='ocrx_word' id='word_1_111' title='bbox 716 995 771 1056; x_wconf 87' lang='lat' dir='ltr'><strong><em>sed,</em></strong></span> <span class='ocrx_word' id='word_1_112' title='bbox 787 1012 841 1047; x_wconf 86' lang='lat' dir='ltr'><em>nos.</em></span> <span class='ocrx_word' id='word_1_113' title='bbox 863 1001 919 1047; x_wconf 85' lang='grc'><strong>165.</strong></span> <span class='ocrx_word' id='word_1_114' title='bbox 932 1011 1052 1058; x_wconf 79' lang='lat' dir='ltr'><strong><em>ozaenam,</em></strong></span> <span class='ocrx_word' id='word_1_115' title='bbox 1069 1011 1124 1046; x_wconf 89' lang='lat' dir='ltr'><em>nos.</em></span> <span class='ocrx_word' id='word_1_116' title='bbox 1145 992 1265 1045; x_wconf 75' lang='lat' dir='ltr'><strong><em>Cannam</em></strong></span> 
     </span>
     <span class='ocr_line' id='line_1_11' title="bbox 176 1057 1265 1125; baseline 0.001 -14"><span class='ocrx_word' id='word_1_117' title='bbox 176 1061 284 1123; x_wconf 88' lang='lat' dir='ltr'><strong><em>ducatur,</em></strong></span> <span class='ocrx_word' id='word_1_118' title='bbox 300 1078 356 1113; x_wconf 86' lang='lat' dir='ltr'><strong><em>nos.</em></strong></span> <span class='ocrx_word' id='word_1_119' title='bbox 379 1060 458 1123; x_wconf 88' lang='lat' dir='ltr'><strong><em>utilia,</em></strong></span> <span class='ocrx_word' id='word_1_120' title='bbox 474 1057 504 1123; x_wconf 80' lang='grc' dir='ltr'><strong><em>β.</em></strong></span> <span class='ocrx_word' id='word_1_121' title='bbox 524 1068 579 1114; x_wconf 92' lang='grc'><strong>168.</strong></span> <span class='ocrx_word' id='word_1_122' title='bbox 595 1062 640 1112; x_wconf 87' lang='lat' dir='ltr'><strong><em>sed</em></strong></span> <span class='ocrx_word' id='word_1_123' title='bbox 655 1063 791 1125; x_wconf 83' lang='lat' dir='ltr'><strong><em>minorihus,</em></strong></span> <span class='ocrx_word' id='word_1_124' title='bbox 802 1059 841 1125; x_wconf 67' lang='lat' dir='ltr'><strong><em>a?</em></strong></span> <span class='ocrx_word' id='word_1_125' title='bbox 862 1066 918 1115; x_wconf 91' lang='grc'><strong>171.</strong></span> <span class='ocrx_word' id='word_1_126' title='bbox 937 1063 1073 1124; x_wconf 89' lang='lat' dir='ltr'><strong><em>Venereum,</em></strong></span> <span class='ocrx_word' id='word_1_127' title='bbox 1085 1059 1115 1125; x_wconf 79' lang='grc' dir='ltr'><strong><em>β.</em></strong></span> <span class='ocrx_word' id='word_1_128' title='bbox 1134 1067 1191 1114; x_wconf 90' lang='grc'><strong>172.</strong></span> <span class='ocrx_word' id='word_1_129' title='bbox 1204 1061 1265 1125; x_wconf 89' lang='grc'><strong>4114,</strong></span> 
     </span>
     <span class='ocr_line' id='line_1_12' title="bbox 175 1127 1086 1196; baseline 0 -16"><span class='ocrx_word' id='word_1_130' title='bbox 175 1131 324 1193; x_wconf 82' lang='lat' dir='ltr'><strong><em>Dalocemp.</em></strong></span> <span class='ocrx_word' id='word_1_131' title='bbox 343 1129 406 1189; x_wconf 81' lang='lat' dir='ltr'><strong><em>olas,</em></strong></span> <span class='ocrx_word' id='word_1_132' title='bbox 418 1127 447 1191; x_wconf 82' lang='grc' dir='ltr'><strong><em>β.</em></strong></span> <span class='ocrx_word' id='word_1_133' title='bbox 468 1132 523 1182; x_wconf 88' lang='grc'><strong>173.</strong></span> <span class='ocrx_word' id='word_1_134' title='bbox 537 1130 618 1192; x_wconf 87' lang='lat' dir='ltr'><strong><em>lacteo,</em></strong></span> <span class='ocrx_word' id='word_1_135' title='bbox 632 1132 716 1182; x_wconf 85' lang='lat' dir='ltr'><strong><em>Ruell.</em></strong></span> <span class='ocrx_word' id='word_1_136' title='bbox 734 1140 768 1194; x_wconf 89' lang='lat' dir='ltr'><strong><em>at,</em></strong></span> <span class='ocrx_word' id='word_1_137' title='bbox 780 1148 835 1182; x_wconf 85' lang='lat' dir='ltr'><strong><em>nos.</em></strong></span> <span class='ocrx_word' id='word_1_138' title='bbox 856 1136 913 1182; x_wconf 91' lang='grc'><strong>174.</strong></span> <span class='ocrx_word' id='word_1_139' title='bbox 922 1130 1044 1196; x_wconf 75' lang='lat' dir='ltr'><em>psyllium,</em></span> <span class='ocrx_word' id='word_1_140' title='bbox 1057 1127 1086 1192; x_wconf 82' lang='grc' dir='ltr'><strong><em>β.</em></strong></span> 
     </span>
    </p>
   </div>
   <div class='ocr_carea' id='block_1_3' title="bbox 115 1210 1268 3247">
    <p class='ocr_par' dir='ltr' id='par_1_4' title="bbox 140 1210 1268 1418">
     <span class='ocr_line' id='line_1_13' title="bbox 140 1210 1264 1280; baseline -0.003 -13"><span class='ocrx_word' id='word_1_141' title='bbox 140 1215 243 1267; x_wconf 89' lang='lat' dir='ltr'><em>XXVI.</em></span> <span class='ocrx_word' id='word_1_142' title='bbox 262 1221 285 1266; x_wconf 88' lang='grc'><strong><em>6.</em></strong></span> <span class='ocrx_word' id='word_1_143' title='bbox 297 1215 360 1277; x_wconf 88' lang='lat' dir='ltr'><strong><em>vari,</em></strong></span> <span class='ocrx_word' id='word_1_144' title='bbox 371 1216 481 1266; x_wconf 81' lang='lat' dir='ltr'><strong><em>Pintian.</em></strong></span> <span class='ocrx_word' id='word_1_145' title='bbox 499 1232 584 1280; x_wconf 83' lang='lat' dir='ltr'><strong><em>carpus</em></strong></span> <span class='ocrx_word' id='word_1_146' title='bbox 595 1215 723 1278; x_wconf 86' lang='lat' dir='ltr'><strong><em>intendens,</em></strong></span> <span class='ocrx_word' id='word_1_147' title='bbox 735 1211 765 1278; x_wconf 77' lang='grc' dir='ltr'><strong><em>β.</em></strong></span> <span class='ocrx_word' id='word_1_148' title='bbox 783 1223 807 1267; x_wconf 91' lang='grc'><strong><em>8.</em></strong></span> <span class='ocrx_word' id='word_1_149' title='bbox 820 1224 959 1278; x_wconf 89' lang='lat' dir='ltr'><strong><em>nascentem,</em></strong></span> <span class='ocrx_word' id='word_1_150' title='bbox 970 1211 999 1277; x_wconf 67' lang='grc'><strong><em>19.</em></strong></span> <span class='ocrx_word' id='word_1_151' title='bbox 1020 1222 1059 1267; x_wconf 90' lang='grc'><strong><em>10.</em></strong></span> <span class='ocrx_word' id='word_1_152' title='bbox 1071 1213 1220 1277; x_wconf 75' lang='lat' dir='ltr'><strong><em>medicinam,</em></strong></span> <span class='ocrx_word' id='word_1_153' title='bbox 1232 1210 1264 1277; x_wconf 75' lang='grc' dir='ltr'><strong><em>β.</em></strong></span> 
     </span>
     <span class='ocr_line' id='line_1_14' title="bbox 178 1280 1268 1346; baseline 0 -14"><span class='ocrx_word' id='word_1_154' title='bbox 178 1281 227 1345; x_wconf 81' lang='lat' dir='ltr'><strong><em>Coi,</em></strong></span> <span class='ocrx_word' id='word_1_155' title='bbox 240 1300 293 1334; x_wconf 86' lang='lat' dir='ltr'><em>nos.</em></span> <span class='ocrx_word' id='word_1_156' title='bbox 320 1288 358 1333; x_wconf 92' lang='grc'><strong><em>11.</em></strong></span> <span class='ocrx_word' id='word_1_157' title='bbox 375 1281 504 1333; x_wconf 75' lang='lat' dir='ltr'><strong><em>celebrante</em></strong></span> <span class='ocrx_word' id='word_1_158' title='bbox 520 1283 648 1345; x_wconf 77' lang='lat' dir='ltr'><strong><em>etiamtum,</em></strong></span> <span class='ocrx_word' id='word_1_159' title='bbox 665 1301 720 1335; x_wconf 88' lang='lat' dir='ltr'><em>nos.</em></span> <span class='ocrx_word' id='word_1_160' title='bbox 739 1281 897 1346; x_wconf 79' lang='lat' dir='ltr'><strong><em>descendente,</em></strong></span> <span class='ocrx_word' id='word_1_161' title='bbox 909 1280 939 1345; x_wconf 82' lang='grc' dir='ltr'><strong><em>β.</em></strong></span> <span class='ocrx_word' id='word_1_162' title='bbox 956 1282 1044 1345; x_wconf 80' lang='lat' dir='ltr'><strong><em>cedere,</em></strong></span> <span class='ocrx_word' id='word_1_163' title='bbox 1055 1280 1085 1345; x_wconf 80' lang='grc' dir='ltr'><strong><em>β.</em></strong></span> <span class='ocrx_word' id='word_1_164' title='bbox 1106 1290 1144 1334; x_wconf 87' lang='grc'><strong><em>14.</em></strong></span> <span class='ocrx_word' id='word_1_165' title='bbox 1157 1281 1268 1332; x_wconf 65' lang='lat' dir='ltr'><strong><em>moabita·</em></strong></span> 
     </span>
     <span class='ocr_line' id='line_1_15' title="bbox 175 1349 1265 1418; baseline -0.002 -18"><span class='ocrx_word' id='word_1_166' title='bbox 175 1351 304 1408; x_wconf 75' lang='lat' dir='ltr'><strong><em>iamnes.</em></strong></span> <span class='ocrx_word' id='word_1_167' title='bbox 328 1367 452 1415; x_wconf 88' lang='lat' dir='ltr'><strong><em>coynomen</em></strong></span> <span class='ocrx_word' id='word_1_168' title='bbox 468 1352 499 1400; x_wconf 89' lang='lat' dir='ltr'><strong><em>ab</em></strong></span> <span class='ocrx_word' id='word_1_169' title='bbox 515 1351 602 1418; x_wconf 87' lang='lat' dir='ltr'><strong><em>aeyris,</em></strong></span> <span class='ocrx_word' id='word_1_170' title='bbox 620 1352 733 1404; x_wconf 87' lang='lat' dir='ltr'><strong><em>Gronov.</em></strong></span> <span class='ocrx_word' id='word_1_171' title='bbox 759 1358 798 1404; x_wconf 82' lang='lat'><strong><em>16.</em></strong></span> <span class='ocrx_word' id='word_1_172' title='bbox 815 1351 982 1416; x_wconf 81' lang='lat' dir='ltr'><strong><em>imperatrice?</em></strong></span> <span class='ocrx_word' id='word_1_173' title='bbox 1007 1357 1045 1402; x_wconf 88' lang='grc'><strong><em>19.</em></strong></span> <span class='ocrx_word' id='word_1_174' title='bbox 1058 1349 1183 1401; x_wconf 78' lang='lat' dir='ltr'><strong><em>Meroide?</em></strong></span> <span class='ocrx_word' id='word_1_175' title='bbox 1202 1349 1265 1399; x_wconf 87' lang='lat' dir='ltr'><strong><em>tales</em></strong></span> 
     </span>
    </p>

    <p class='ocr_par' dir='ltr' id='par_1_5' title="bbox 115 1414 1266 1691">
     <span class='ocr_line' id='line_1_16' title="bbox 115 1414 1264 1484; baseline 0 -18"><span class='ocrx_word' id='word_1_176' title='bbox 115 1429 119 1435; x_wconf 91' lang='grc'><em>·</em></span> <span class='ocrx_word' id='word_1_177' title='bbox 176 1417 257 1467; x_wconf 79' lang='lat' dir='ltr'><strong><em>dedit?</em></strong></span> <span class='ocrx_word' id='word_1_178' title='bbox 276 1424 316 1468; x_wconf 94' lang='lat'><strong><em>24.</em></strong></span> <span class='ocrx_word' id='word_1_179' title='bbox 329 1418 396 1468; x_wconf 89' lang='lat' dir='ltr'><strong><em>melle</em></strong></span> <span class='ocrx_word' id='word_1_180' title='bbox 408 1428 430 1468; x_wconf 90' lang='lat' dir='ltr'><strong><em>et</em></strong></span> <span class='ocrx_word' id='word_1_181' title='bbox 440 1420 644 1484; x_wconf 63' lang='lat' dir='ltr'><strong><em>ammio-item</em></strong></span> <span class='ocrx_word' id='word_1_182' title='bbox 655 1438 715 1481; x_wconf 90' lang='lat' dir='ltr'><strong><em>cum,</em></strong></span> <span class='ocrx_word' id='word_1_183' title='bbox 726 1418 755 1484; x_wconf 65' lang='grc'><strong>,19.</strong></span> <span class='ocrx_word' id='word_1_184' title='bbox 774 1419 835 1483; x_wconf 88' lang='lat' dir='ltr'><strong><em>diro,</em></strong></span> <span class='ocrx_word' id='word_1_185' title='bbox 846 1416 876 1483; x_wconf 77' lang='grc' dir='ltr'><strong><em>β.</em></strong></span> <span class='ocrx_word' id='word_1_186' title='bbox 894 1426 936 1471; x_wconf 86' lang='grc'><strong><em>25.</em></strong></span> <span class='ocrx_word' id='word_1_187' title='bbox 948 1418 1024 1481; x_wconf 83' lang='grc'><strong>41444,</strong></span> <span class='ocrx_word' id='word_1_188' title='bbox 1032 1414 1062 1483; x_wconf 80' lang='grc' dir='ltr'><strong><em>β.</em></strong></span> <span class='ocrx_word' id='word_1_189' title='bbox 1075 1424 1115 1470; x_wconf 95' lang='grc'><strong><em>28.</em></strong></span> <span class='ocrx_word' id='word_1_190' title='bbox 1125 1417 1264 1480; x_wconf 90' lang='lat' dir='ltr'><strong><em>drachmae,</em></strong></span> 
     </span>
     <span class='ocr_line' id='line_1_17' title="bbox 176 1481 1265 1551; baseline 0.003 -17"><span class='ocrx_word' id='word_1_191' title='bbox 176 1481 205 1547; x_wconf 80' lang='grc' dir='ltr'><strong><em>β.</em></strong></span> <span class='ocrx_word' id='word_1_192' title='bbox 219 1484 333 1550; x_wconf 86' lang='lat' dir='ltr'><strong><em>pondere,</em></strong></span> <span class='ocrx_word' id='word_1_193' title='bbox 347 1487 471 1537; x_wconf 83' lang='lat' dir='ltr'><strong><em>Harduin.</em></strong></span> <span class='ocrx_word' id='word_1_194' title='bbox 490 1486 638 1540; x_wconf 78' lang='lat' dir='ltr'><strong><em>cadomum?</em></strong></span> <span class='ocrx_word' id='word_1_195' title='bbox 657 1487 758 1551; x_wconf 88' lang='lat' dir='ltr'><strong><em>totidem,</em></strong></span> <span class='ocrx_word' id='word_1_196' title='bbox 771 1490 923 1538; x_wconf 72' lang='lat' dir='ltr'><strong><em>verbascum?</em></strong></span> <span class='ocrx_word' id='word_1_197' title='bbox 941 1487 1070 1551; x_wconf 86' lang='lat' dir='ltr'><strong><em>cuiusflos,</em></strong></span> <span class='ocrx_word' id='word_1_198' title='bbox 1082 1483 1112 1548; x_wconf 80' lang='grc' dir='ltr'><strong><em>β.</em></strong></span> <span class='ocrx_word' id='word_1_199' title='bbox 1130 1493 1170 1537; x_wconf 90' lang='grc'><strong><em>33.</em></strong></span> <span class='ocrx_word' id='word_1_200' title='bbox 1183 1501 1265 1550; x_wconf 81' lang='lat' dir='ltr'><strong><em>scapo,</em></strong></span> 
     </span>
     <span class='ocr_line' id='line_1_18' title="bbox 175 1548 1266 1619; baseline 0.002 -17"><span class='ocrx_word' id='word_1_201' title='bbox 175 1548 205 1614; x_wconf 79' lang='grc' dir='ltr'><strong><em>β.</em></strong></span> <span class='ocrx_word' id='word_1_202' title='bbox 223 1552 363 1618; x_wconf 88' lang='lat' dir='ltr'><strong><em>dyspnoeae,</em></strong></span> <span class='ocrx_word' id='word_1_203' title='bbox 374 1549 404 1615; x_wconf 79' lang='grc' dir='ltr'><strong><em>β.</em></strong></span> <span class='ocrx_word' id='word_1_204' title='bbox 423 1560 463 1605; x_wconf 89' lang='grc'><strong><em>36.</em></strong></span> <span class='ocrx_word' id='word_1_205' title='bbox 476 1555 597 1617; x_wconf 73' lang='lat' dir='ltr'><strong><em>anabasis,</em></strong></span> <span class='ocrx_word' id='word_1_206' title='bbox 609 1552 638 1617; x_wconf 82' lang='grc' dir='ltr'><strong><em>β.</em></strong></span> <span class='ocrx_word' id='word_1_207' title='bbox 662 1564 703 1608; x_wconf 90' lang='grc'><strong><em>89.</em></strong></span> <span class='ocrx_word' id='word_1_208' title='bbox 721 1556 797 1617; x_wconf 85' lang='lat' dir='ltr'><strong><em>isatis,</em></strong></span> <span class='ocrx_word' id='word_1_209' title='bbox 815 1559 919 1607; x_wconf 82' lang='lat' dir='ltr'><strong><em>Barbar.</em></strong></span> <span class='ocrx_word' id='word_1_210' title='bbox 937 1553 1005 1604; x_wconf 89' lang='lat' dir='ltr'><strong><em>caule</em></strong></span> <span class='ocrx_word' id='word_1_211' title='bbox 1019 1553 1124 1619; x_wconf 92' lang='lat' dir='ltr'><strong><em>palmum</em></strong></span> <span class='ocrx_word' id='word_1_212' title='bbox 1141 1552 1199 1615; x_wconf 87' lang='lat' dir='ltr'><strong><em>alto,</em></strong></span> <span class='ocrx_word' id='word_1_213' title='bbox 1216 1569 1266 1604; x_wconf 84' lang='lat' dir='ltr'><strong><em>nos</em></strong></span> 
     </span>
     <span class='ocr_line' id='line_1_19' title="bbox 176 1621 1265 1691; baseline -0.002 -19"><span class='ocrx_word' id='word_1_214' title='bbox 176 1637 235 1672; x_wconf 86' lang='lat' dir='ltr'><strong><em>cum</em></strong></span> <span class='ocrx_word' id='word_1_215' title='bbox 246 1623 366 1673; x_wconf 77' lang='lat' dir='ltr'><strong><em>Barbare.</em></strong></span> <span class='ocrx_word' id='word_1_216' title='bbox 385 1631 425 1673; x_wconf 89' lang='lat'><strong><em>40.</em></strong></span> <span class='ocrx_word' id='word_1_217' title='bbox 438 1623 552 1686; x_wconf 82' lang='lat' dir='ltr'><strong><em>vinaceis,</em></strong></span> <span class='ocrx_word' id='word_1_218' title='bbox 565 1640 620 1675; x_wconf 87' lang='lat' dir='ltr'><strong><em>nos.</em></strong></span> <span class='ocrx_word' id='word_1_219' title='bbox 639 1633 662 1673; x_wconf 88' lang='lat' dir='ltr'><strong><em>et</em></strong></span> <span class='ocrx_word' id='word_1_220' title='bbox 677 1624 769 1691; x_wconf 86' lang='lat' dir='ltr'><strong><em>sillybi,·</em></strong></span> <span class='ocrx_word' id='word_1_221' title='bbox 785 1625 823 1686; x_wconf 89' lang='lat' dir='ltr'><strong><em>iis,</em></strong></span> <span class='ocrx_word' id='word_1_222' title='bbox 841 1640 897 1674; x_wconf 89' lang='lat' dir='ltr'><em>nos.</em></span> <span class='ocrx_word' id='word_1_223' title='bbox 920 1624 1035 1684; x_wconf 85' lang='lat' dir='ltr'><strong><em>cummim,</em></strong></span> <span class='ocrx_word' id='word_1_224' title='bbox 1050 1638 1107 1674; x_wconf 87' lang='lat' dir='ltr'><strong><em>nos.</em></strong></span> <span class='ocrx_word' id='word_1_225' title='bbox 1125 1628 1166 1672; x_wconf 90' lang='lat'><strong><em>41.</em></strong></span> <span class='ocrx_word' id='word_1_226' title='bbox 1178 1621 1265 1670; x_wconf 76' lang='lat' dir='ltr'><strong><em>hanm-</em></strong></span> 
     </span>
    </p>

    <p class='ocr_par' dir='ltr' id='par_1_6' title="bbox 150 1678 1267 3247">
     <span class='ocr_line' id='line_1_20' title="bbox 150 1678 1265 1755; baseline -0.002 -17"><span class='ocrx_word' id='word_1_227' title='bbox 150 1708 153 1715; x_wconf 94' lang='lat'><em>·</em></span> <span class='ocrx_word' id='word_1_228' title='bbox 175 1689 247 1751; x_wconf 88' lang='lat' dir='ltr'><strong><em>nium,</em></strong></span> <span class='ocrx_word' id='word_1_229' title='bbox 264 1691 370 1740; x_wconf 85' lang='lat' dir='ltr'><strong><em>Burbur.</em></strong></span> <span class='ocrx_word' id='word_1_230' title='bbox 393 1696 434 1740; x_wconf 91' lang='lat'><strong><em>42.</em></strong></span> <span class='ocrx_word' id='word_1_231' title='bbox 449 1690 482 1740; x_wconf 89' lang='lat' dir='ltr'><strong><em>sil</em></strong></span> <span class='ocrx_word' id='word_1_232' title='bbox 487 1728 493 1753; x_wconf 96' lang='lat'><strong><em>,</em></strong></span> <span class='ocrx_word' id='word_1_233' title='bbox 510 1692 657 1742; x_wconf 76' lang='lat' dir='ltr'><strong><em>Schneider.</em></strong></span> <span class='ocrx_word' id='word_1_234' title='bbox 680 1691 824 1753; x_wconf 86' lang='lat' dir='ltr'><strong><em>stoechadis,</em></strong></span> <span class='ocrx_word' id='word_1_235' title='bbox 843 1693 948 1742; x_wconf 81' lang='lat' dir='ltr'><strong><em>Burbur.</em></strong></span> <span class='ocrx_word' id='word_1_236' title='bbox 972 1699 1012 1742; x_wconf 88' lang='grc'><strong><em>43.</em></strong></span> <span class='ocrx_word' id='word_1_237' title='bbox 1031 1678 1118 1755; x_wconf 81' lang='lat' dir='ltr'><strong><em>expetit</em></strong></span> <span class='ocrx_word' id='word_1_238' title='bbox 1134 1699 1160 1740; x_wconf 79' lang='lat' dir='ltr'><strong><em>et</em></strong></span> <span class='ocrx_word' id='word_1_239' title='bbox 1175 1687 1265 1751; x_wconf 87' lang='lat' dir='ltr'><strong><em>condit,</em></strong></span> 
     </span>
     <span class='ocr_line' id='line_1_21' title="bbox 176 1752 1264 1824; baseline -0.002 -16"><span class='ocrx_word' id='word_1_240' title='bbox 176 1757 290 1808; x_wconf 82' lang='lat' dir='ltr'><strong><em>Gronov.</em></strong></span> <span class='ocrx_word' id='word_1_241' title='bbox 318 1765 358 1808; x_wconf 87' lang='grc'><strong><em>44.</em></strong></span> <span class='ocrx_word' id='word_1_242' title='bbox 369 1761 444 1822; x_wconf 84' lang='lat' dir='ltr'><strong><em>potu?</em></strong></span> <span class='ocrx_word' id='word_1_243' title='bbox 472 1775 569 1823; x_wconf 84' lang='lat' dir='ltr'><strong><em>quoque,</em></strong></span> <span class='ocrx_word' id='word_1_244' title='bbox 591 1756 619 1821; x_wconf 81' lang='grc' dir='ltr'><strong><em>β.</em></strong></span> <span class='ocrx_word' id='word_1_245' title='bbox 648 1758 797 1824; x_wconf 84' lang='lat' dir='ltr'><strong><em>dysintericis</em></strong></span> <span class='ocrx_word' id='word_1_246' title='bbox 813 1761 907 1810; x_wconf 80' lang='lat' dir='ltr'><strong><em>omisso</em></strong></span> <span class='ocrx_word' id='word_1_247' title='bbox 928 1767 958 1819; x_wconf 88' lang='lat' dir='ltr'><strong><em>ct,</em></strong></span> <span class='ocrx_word' id='word_1_248' title='bbox 978 1775 1034 1809; x_wconf 89' lang='lat' dir='ltr'><em>nos.</em></span> <span class='ocrx_word' id='word_1_249' title='bbox 1057 1765 1098 1808; x_wconf 91' lang='grc'><strong><em>45.</em></strong></span> <span class='ocrx_word' id='word_1_250' title='bbox 1119 1756 1208 1818; x_wconf 81' lang='lat' dir='ltr'><strong><em>ciccae,</em></strong></span> <span class='ocrx_word' id='word_1_251' title='bbox 1224 1752 1264 1817; x_wconf 68' lang='lat' dir='ltr'><strong><em>fi?</em></strong></span> 
     </span>
     <span class='ocr_line' id='line_1_22' title="bbox 177 1821 1266 1892; baseline -0.002 -17"><span class='ocrx_word' id='word_1_252' title='bbox 177 1831 217 1876; x_wconf 88' lang='grc'><strong><em>47.</em></strong></span> <span class='ocrx_word' id='word_1_253' title='bbox 231 1824 335 1885; x_wconf 88' lang='lat' dir='ltr'><strong><em>trahunt,</em></strong></span> <span class='ocrx_word' id='word_1_254' title='bbox 346 1821 375 1887; x_wconf 80' lang='grc' dir='ltr'><strong><em>β.</em></strong></span> <span class='ocrx_word' id='word_1_255' title='bbox 394 1834 435 1878; x_wconf 88' lang='grc'><strong><em>48.</em></strong></span> <span class='ocrx_word' id='word_1_256' title='bbox 447 1835 547 1892; x_wconf 79' lang='lat' dir='ltr'><strong><em>styrace,</em></strong></span> <span class='ocrx_word' id='word_1_257' title='bbox 560 1823 590 1889; x_wconf 75' lang='grc'><strong><em>19.</em></strong></span> <span class='ocrx_word' id='word_1_258' title='bbox 608 1834 649 1878; x_wconf 88' lang='grc'><strong><em>49.</em></strong></span> <span class='ocrx_word' id='word_1_259' title='bbox 666 1828 835 1877; x_wconf 76' lang='lat' dir='ltr'><strong><em>exscreationes</em></strong></span> <span class='ocrx_word' id='word_1_260' title='bbox 850 1843 902 1876; x_wconf 93' lang='lat' dir='ltr'><strong><em>cum</em></strong></span> <span class='ocrx_word' id='word_1_261' title='bbox 918 1824 1004 1891; x_wconf 89' lang='lat' dir='ltr'><strong><em>amylo,</em></strong></span> <span class='ocrx_word' id='word_1_262' title='bbox 1016 1827 1139 1877; x_wconf 74' lang='lat' dir='ltr'><strong><em>Harduin.</em></strong></span> <span class='ocrx_word' id='word_1_263' title='bbox 1159 1831 1199 1875; x_wconf 92' lang='lat'><strong><em>52.</em></strong></span> <span class='ocrx_word' id='word_1_264' title='bbox 1216 1824 1266 1873; x_wconf 89' lang='lat' dir='ltr'><strong><em>leu-</em></strong></span> 
     </span>
     <span class='ocr_line' id='line_1_23' title="bbox 176 1887 1264 1959; baseline 0.001 -18"><span class='ocrx_word' id='word_1_265' title='bbox 176 1909 270 1953; x_wconf 86' lang='lat' dir='ltr'><strong><em>ceoron,</em></strong></span> <span class='ocrx_word' id='word_1_266' title='bbox 282 1888 311 1954; x_wconf 79' lang='grc' dir='ltr'><strong><em>β.</em></strong></span> <span class='ocrx_word' id='word_1_267' title='bbox 330 1892 503 1958; x_wconf 75' lang='lat' dir='ltr'><strong><em>thorybethron,</em></strong></span> <span class='ocrx_word' id='word_1_268' title='bbox 521 1891 550 1955; x_wconf 80' lang='grc' dir='ltr'><strong><em>β.</em></strong></span> <span class='ocrx_word' id='word_1_269' title='bbox 570 1901 609 1947; x_wconf 88' lang='grc'><strong><em>57.</em></strong></span> <span class='ocrx_word' id='word_1_270' title='bbox 623 1911 669 1959; x_wconf 88' lang='lat' dir='ltr'><strong><em>per</em></strong></span> <span class='ocrx_word' id='word_1_271' title='bbox 685 1896 792 1957; x_wconf 87' lang='lat' dir='ltr'><strong><em>urinam,</em></strong></span> <span class='ocrx_word' id='word_1_272' title='bbox 810 1896 864 1944; x_wconf 85' lang='lat' dir='ltr'><em>Ian.</em></span> <span class='ocrx_word' id='word_1_273' title='bbox 884 1899 924 1944; x_wconf 91' lang='lat'><strong><em>58.</em></strong></span> <span class='ocrx_word' id='word_1_274' title='bbox 943 1892 1035 1955; x_wconf 87' lang='lat' dir='ltr'><strong><em>leniter,</em></strong></span> <span class='ocrx_word' id='word_1_275' title='bbox 1052 1889 1082 1955; x_wconf 80' lang='grc' dir='ltr'><strong><em>β.</em></strong></span> <span class='ocrx_word' id='word_1_276' title='bbox 1102 1892 1222 1955; x_wconf 82' lang='lat' dir='ltr'><strong><em>59.sacit,</em></strong></span> <span class='ocrx_word' id='word_1_277' title='bbox 1233 1887 1264 1953; x_wconf 78' lang='grc' dir='ltr'><strong><em>β.</em></strong></span> 
     </span>
     <span class='ocr_line' id='line_1_24' title="bbox 177 1958 1264 2026; baseline -0.002 -16"><span class='ocrx_word' id='word_1_278' title='bbox 177 1966 217 2010; x_wconf 91' lang='grc'><strong><em>61.</em></strong></span> <span class='ocrx_word' id='word_1_279' title='bbox 234 1958 295 2022; x_wconf 77' lang='grc'><strong>41111,</strong></span> <span class='ocrx_word' id='word_1_280' title='bbox 313 1961 427 2012; x_wconf 85' lang='lat' dir='ltr'><strong><em>Gronov.</em></strong></span> <span class='ocrx_word' id='word_1_281' title='bbox 451 1966 490 2014; x_wconf 84' lang='lat'><strong><em>82.</em></strong></span> <span class='ocrx_word' id='word_1_282' title='bbox 509 1961 642 2022; x_wconf 73' lang='lat' dir='ltr'><strong><em>eboraciae,</em></strong></span> <span class='ocrx_word' id='word_1_283' title='bbox 659 1958 687 2023; x_wconf 78' lang='grc' dir='ltr'><strong><em>β.</em></strong></span> <span class='ocrx_word' id='word_1_284' title='bbox 712 1969 751 2013; x_wconf 89' lang='grc'><strong><em>64.</em></strong></span> <span class='ocrx_word' id='word_1_285' title='bbox 769 1963 900 2022; x_wconf 84' lang='lat' dir='ltr'><strong><em>vomitione,</em></strong></span> <span class='ocrx_word' id='word_1_286' title='bbox 917 1958 946 2022; x_wconf 80' lang='grc' dir='ltr'><strong><em>β.</em></strong></span> <span class='ocrx_word' id='word_1_287' title='bbox 969 1969 1010 2013; x_wconf 87' lang='grc'><strong><em>66.</em></strong></span> <span class='ocrx_word' id='word_1_288' title='bbox 1027 1960 1141 2026; x_wconf 83' lang='lat' dir='ltr'><strong><em>caryiten,</em></strong></span> <span class='ocrx_word' id='word_1_289' title='bbox 1159 1961 1264 2010; x_wconf 80' lang='lat' dir='ltr'><strong><em>Burbur.</em></strong></span> 
     </span>
     <span class='ocr_line' id='line_1_25' title="bbox 177 2025 1265 2095; baseline -0.002 -17"><span class='ocrx_word' id='word_1_290' title='bbox 177 2033 218 2079; x_wconf 90' lang='grc'><strong><em>69.</em></strong></span> <span class='ocrx_word' id='word_1_291' title='bbox 236 2027 397 2092; x_wconf 75' lang='lat' dir='ltr'><strong><em>helioscopion,</em></strong></span> <span class='ocrx_word' id='word_1_292' title='bbox 413 2025 442 2091; x_wconf 69' lang='lat' dir='ltr'><strong><em>pi.</em></strong></span> <span class='ocrx_word' id='word_1_293' title='bbox 464 2030 616 2095; x_wconf 87' lang='lat' dir='ltr'><strong><em>yratissimo,·</em></strong></span> <span class='ocrx_word' id='word_1_294' title='bbox 632 2047 721 2092; x_wconf 88' lang='lat' dir='ltr'><strong><em>nomen,</em></strong></span> <span class='ocrx_word' id='word_1_295' title='bbox 737 2033 887 2095; x_wconf 80' lang='lat' dir='ltr'><strong><em>Dalecamp.</em></strong></span> <span class='ocrx_word' id='word_1_296' title='bbox 907 2035 946 2082; x_wconf 91' lang='grc'><strong><em>70.</em></strong></span> <span class='ocrx_word' id='word_1_297' title='bbox 967 2029 1054 2088; x_wconf 76' lang='lat' dir='ltr'><strong><em>Quinto</em></strong></span> <span class='ocrx_word' id='word_1_298' title='bbox 1066 2027 1135 2092; x_wconf 78' lang='lat' dir='ltr'><strong><em>quod,</em></strong></span> <span class='ocrx_word' id='word_1_299' title='bbox 1147 2045 1202 2079; x_wconf 88' lang='lat' dir='ltr'><em>nos.</em></span> <span class='ocrx_word' id='word_1_300' title='bbox 1220 2043 1265 2076; x_wconf 89' lang='lat' dir='ltr'><strong><em>na·</em></strong></span> 
     </span>
     <span class='ocr_line' id='line_1_26' title="bbox 176 2090 1264 2163; baseline 0 -19"><span class='ocrx_word' id='word_1_301' title='bbox 176 2096 256 2158; x_wconf 82' lang='lat' dir='ltr'><strong><em>sconti,</em></strong></span> <span class='ocrx_word' id='word_1_302' title='bbox 274 2113 330 2146; x_wconf 86' lang='lat' dir='ltr'><em>nos.</em></span> <span class='ocrx_word' id='word_1_303' title='bbox 359 2101 398 2148; x_wconf 89' lang='grc'><strong><em>71.</em></strong></span> <span class='ocrx_word' id='word_1_304' title='bbox 419 2097 553 2157; x_wconf 83' lang='lat' dir='ltr'><strong><em>characias,</em></strong></span> <span class='ocrx_word' id='word_1_305' title='bbox 567 2095 598 2161; x_wconf 66' lang='lat' dir='ltr'><em>pi.</em></span> <span class='ocrx_word' id='word_1_306' title='bbox 626 2103 665 2150; x_wconf 88' lang='grc'><strong><em>72.</em></strong></span> <span class='ocrx_word' id='word_1_307' title='bbox 685 2097 763 2163; x_wconf 78' lang='lat' dir='ltr'><strong><em>Apios</em></strong></span> <span class='ocrx_word' id='word_1_308' title='bbox 783 2097 869 2158; x_wconf 60' lang='lat' dir='ltr'><strong><em>achas,</em></strong></span> <span class='ocrx_word' id='word_1_309' title='bbox 886 2099 991 2147; x_wconf 84' lang='lat' dir='ltr'><strong><em>Barbar.</em></strong></span> <span class='ocrx_word' id='word_1_310' title='bbox 1017 2102 1056 2148; x_wconf 87' lang='grc'><strong><em>73.</em></strong></span> <span class='ocrx_word' id='word_1_311' title='bbox 1069 2113 1115 2161; x_wconf 87' lang='lat' dir='ltr'><strong><em>per</em></strong></span> <span class='ocrx_word' id='word_1_312' title='bbox 1130 2095 1217 2157; x_wconf 86' lang='lat' dir='ltr'><strong><em>alcum,</em></strong></span> <span class='ocrx_word' id='word_1_313' title='bbox 1234 2090 1264 2155; x_wconf 82' lang='grc' dir='ltr'><strong><em>β.</em></strong></span> 
     </span>
     <span class='ocr_line' id='line_1_27' title="bbox 177 2160 1265 2228; baseline -0.002 -15"><span class='ocrx_word' id='word_1_314' title='bbox 177 2165 217 2214; x_wconf 93' lang='grc'><strong><em>74.</em></strong></span> <span class='ocrx_word' id='word_1_315' title='bbox 234 2164 363 2215; x_wconf 69' lang='lat' dir='ltr'><strong><em>Termino?</em></strong></span> <span class='ocrx_word' id='word_1_316' title='bbox 382 2162 517 2228; x_wconf 89' lang='lat' dir='ltr'><strong><em>dcucumve,</em></strong></span> <span class='ocrx_word' id='word_1_317' title='bbox 530 2161 559 2227; x_wconf 79' lang='grc' dir='ltr'><strong><em>β.</em></strong></span> <span class='ocrx_word' id='word_1_318' title='bbox 581 2162 763 2227; x_wconf 61' lang='grc'><strong>7544144419.</strong></span> <span class='ocrx_word' id='word_1_319' title='bbox 782 2170 821 2217; x_wconf 92' lang='grc'><strong><em>77.</em></strong></span> <span class='ocrx_word' id='word_1_320' title='bbox 833 2165 903 2221; x_wconf 89' lang='lat' dir='ltr'><strong><em>Lien,</em></strong></span> <span class='ocrx_word' id='word_1_321' title='bbox 913 2160 942 2226; x_wconf 66' lang='lat' dir='ltr'><strong><em>st.</em></strong></span> <span class='ocrx_word' id='word_1_322' title='bbox 952 2164 1075 2227; x_wconf 87' lang='lat' dir='ltr'><strong><em>farinae,</em></strong></span> <span class='ocrx_word' id='word_1_323' title='bbox 1088 2179 1144 2213; x_wconf 88' lang='lat' dir='ltr'><strong><em>nos.</em></strong></span> <span class='ocrx_word' id='word_1_324' title='bbox 1164 2168 1204 2215; x_wconf 88' lang='grc'><strong><em>78.</em></strong></span> <span class='ocrx_word' id='word_1_325' title='bbox 1218 2161 1265 2213; x_wconf 84' lang='lat' dir='ltr'><strong><em>Ve-</em></strong></span> 
     </span>
     <span class='ocr_line' id='line_1_28' title="bbox 175 2230 1264 2298; baseline 0 -17"><span class='ocrx_word' id='word_1_326' title='bbox 175 2231 241 2281; x_wconf 85' lang='lat' dir='ltr'><strong><em>sicae</em></strong></span> <span class='ocrx_word' id='word_1_327' title='bbox 257 2230 337 2293; x_wconf 86' lang='lat' dir='ltr'><strong><em>malis,</em></strong></span> <span class='ocrx_word' id='word_1_328' title='bbox 353 2234 477 2284; x_wconf 82' lang='lat' dir='ltr'><strong><em>Harduin.</em></strong></span> <span class='ocrx_word' id='word_1_329' title='bbox 504 2240 542 2286; x_wconf 91' lang='grc'><strong><em>79.</em></strong></span> <span class='ocrx_word' id='word_1_330' title='bbox 560 2233 658 2298; x_wconf 85' lang='lat' dir='ltr'><strong><em>Xiphii,</em></strong></span> <span class='ocrx_word' id='word_1_331' title='bbox 673 2230 702 2296; x_wconf 80' lang='grc' dir='ltr'><strong><em>β.</em></strong></span> <span class='ocrx_word' id='word_1_332' title='bbox 722 2240 763 2285; x_wconf 89' lang='lat'><strong><em>82.</em></strong></span> <span class='ocrx_word' id='word_1_333' title='bbox 776 2232 882 2292; x_wconf 88' lang='lat' dir='ltr'><strong><em>laudato,</em></strong></span> <span class='ocrx_word' id='word_1_334' title='bbox 893 2234 1043 2296; x_wconf 80' lang='lat' dir='ltr'><strong><em>Delecump.</em></strong></span> <span class='ocrx_word' id='word_1_335' title='bbox 1063 2232 1131 2290; x_wconf 85' lang='lat' dir='ltr'><strong><em>batis,</em></strong></span> <span class='ocrx_word' id='word_1_336' title='bbox 1141 2231 1264 2281; x_wconf 70' lang='lat' dir='ltr'><strong><em>Barbam?</em></strong></span> 
     </span>
     <span class='ocr_line' id='line_1_29' title="bbox 176 2293 1267 2364; baseline -0.004 -15"><span class='ocrx_word' id='word_1_337' title='bbox 176 2298 251 2349; x_wconf 87' lang='lat' dir='ltr'><strong><em>Folia</em></strong></span> <span class='ocrx_word' id='word_1_338' title='bbox 263 2299 366 2364; x_wconf 86' lang='lat' dir='ltr'><strong><em>pinyuia</em></strong></span> <span class='ocrx_word' id='word_1_339' title='bbox 382 2301 494 2362; x_wconf 87' lang='lat' dir='ltr'><strong><em>albicant,</em></strong></span> <span class='ocrx_word' id='word_1_340' title='bbox 511 2299 540 2363; x_wconf 81' lang='grc' dir='ltr'><strong><em>β.</em></strong></span> <span class='ocrx_word' id='word_1_341' title='bbox 565 2310 605 2353; x_wconf 96' lang='grc'><strong><em>83.</em></strong></span> <span class='ocrx_word' id='word_1_342' title='bbox 622 2301 710 2364; x_wconf 81' lang='grc'><strong>414444,</strong></span> <span class='ocrx_word' id='word_1_343' title='bbox 722 2304 824 2352; x_wconf 82' lang='lat' dir='ltr'><strong><em>Broter.</em></strong></span> <span class='ocrx_word' id='word_1_344' title='bbox 843 2293 1267 2364; x_wconf 58' lang='grc' dir='ltr'><strong>411148.44.Διιι1ῃ11ι·οη,β.4ει</strong></span> 
     </span>
     <span class='ocr_line' id='line_1_30' title="bbox 176 2363 1266 2434; baseline 0 -19"><span class='ocrx_word' id='word_1_345' title='bbox 176 2365 297 2432; x_wconf 76' lang='lat' dir='ltr'><strong><em>anthyllis.</em></strong></span> <span class='ocrx_word' id='word_1_346' title='bbox 309 2363 337 2429; x_wconf 79' lang='grc' dir='ltr'><strong><em>β.</em></strong></span> <span class='ocrx_word' id='word_1_347' title='bbox 356 2367 537 2434; x_wconf 88' lang='lat' dir='ltr'><strong><em>chamaepityos,</em></strong></span> <span class='ocrx_word' id='word_1_348' title='bbox 548 2363 580 2430; x_wconf 66' lang='lat' dir='ltr'><strong><em>pi.</em></strong></span> <span class='ocrx_word' id='word_1_349' title='bbox 597 2375 638 2421; x_wconf 85' lang='lat'><strong><em>88.</em></strong></span> <span class='ocrx_word' id='word_1_350' title='bbox 650 2385 700 2418; x_wconf 88' lang='lat' dir='ltr'><strong><em>cum</em></strong></span> <span class='ocrx_word' id='word_1_351' title='bbox 713 2369 756 2428; x_wconf 90' lang='lat' dir='ltr'><strong><em>sio,</em></strong></span> <span class='ocrx_word' id='word_1_352' title='bbox 768 2365 798 2430; x_wconf 81' lang='grc' dir='ltr'><em>β</em></span> <span class='ocrx_word' id='word_1_353' title='bbox 818 2375 857 2419; x_wconf 89' lang='grc'><strong><em>89.</em></strong></span> <span class='ocrx_word' id='word_1_354' title='bbox 870 2377 900 2430; x_wconf 87' lang='grc'><strong><em>41,</em></strong></span> <span class='ocrx_word' id='word_1_355' title='bbox 913 2364 941 2429; x_wconf 80' lang='grc' dir='ltr'><strong><em>β.</em></strong></span> <span class='ocrx_word' id='word_1_356' title='bbox 959 2367 1082 2430; x_wconf 87' lang='lat' dir='ltr'><strong><em>infricata,</em></strong></span> <span class='ocrx_word' id='word_1_357' title='bbox 1091 2363 1119 2429; x_wconf 81' lang='grc' dir='ltr'><em>β</em></span> <span class='ocrx_word' id='word_1_358' title='bbox 1139 2373 1178 2431; x_wconf 91' lang='grc'><strong><em>90.</em></strong></span> <span class='ocrx_word' id='word_1_359' title='bbox 1188 2381 1266 2415; x_wconf 87' lang='lat' dir='ltr'><strong><em>scam·</em></strong></span> 
     </span>
     <span class='ocr_line' id='line_1_31' title="bbox 176 2428 1266 2501; baseline 0 -18"><span class='ocrx_word' id='word_1_360' title='bbox 176 2436 264 2498; x_wconf 78' lang='lat' dir='ltr'><strong><em>monta,</em></strong></span> <span class='ocrx_word' id='word_1_361' title='bbox 280 2432 310 2496; x_wconf 80' lang='grc' dir='ltr'><strong><em>β.</em></strong></span> <span class='ocrx_word' id='word_1_362' title='bbox 334 2441 375 2486; x_wconf 89' lang='grc'><strong><em>91.</em></strong></span> <span class='ocrx_word' id='word_1_363' title='bbox 387 2445 444 2501; x_wconf 86' lang='lat' dir='ltr'><strong><em>post</em></strong></span> <span class='ocrx_word' id='word_1_364' title='bbox 459 2454 491 2496; x_wconf 91' lang='lat' dir='ltr'><strong><em>se,</em></strong></span> <span class='ocrx_word' id='word_1_365' title='bbox 507 2435 536 2499; x_wconf 81' lang='grc' dir='ltr'><strong><em>β.</em></strong></span> <span class='ocrx_word' id='word_1_366' title='bbox 559 2444 599 2488; x_wconf 89' lang='grc'><strong><em>92.</em></strong></span> <span class='ocrx_word' id='word_1_367' title='bbox 614 2436 757 2500; x_wconf 83' lang='lat' dir='ltr'><strong><em>persolutae,</em></strong></span> <span class='ocrx_word' id='word_1_368' title='bbox 768 2433 797 2498; x_wconf 82' lang='grc' dir='ltr'><strong><em>β.</em></strong></span> <span class='ocrx_word' id='word_1_369' title='bbox 817 2442 857 2487; x_wconf 88' lang='grc'><strong><em>94.</em></strong></span> <span class='ocrx_word' id='word_1_370' title='bbox 870 2435 994 2496; x_wconf 87' lang='lat' dir='ltr'><strong><em>crethmon,</em></strong></span> <span class='ocrx_word' id='word_1_371' title='bbox 1006 2431 1036 2496; x_wconf 76' lang='grc' dir='ltr'><strong><em>β.</em></strong></span> <span class='ocrx_word' id='word_1_372' title='bbox 1054 2441 1093 2485; x_wconf 91' lang='grc'><strong><em>95.</em></strong></span> <span class='ocrx_word' id='word_1_373' title='bbox 1106 2434 1222 2496; x_wconf 73' lang='lat' dir='ltr'><strong><em>serapias,</em></strong></span> <span class='ocrx_word' id='word_1_374' title='bbox 1234 2428 1266 2494; x_wconf 79' lang='grc' dir='ltr'><strong><em>β.</em></strong></span> 
     </span>
     <span class='ocr_line' id='line_1_32' title="bbox 177 2499 1267 2570; baseline -0.003 -19"><span class='ocrx_word' id='word_1_375' title='bbox 177 2501 268 2564; x_wconf 89' lang='lat' dir='ltr'><strong><em>durior,</em></strong></span> <span class='ocrx_word' id='word_1_376' title='bbox 279 2499 308 2565; x_wconf 81' lang='grc' dir='ltr'><strong><em>β.</em></strong></span> <span class='ocrx_word' id='word_1_377' title='bbox 328 2509 368 2552; x_wconf 92' lang='grc'><strong><em>96.</em></strong></span> <span class='ocrx_word' id='word_1_378' title='bbox 381 2502 450 2552; x_wconf 88' lang='lat' dir='ltr'><strong><em>habet</em></strong></span> <span class='ocrx_word' id='word_1_379' title='bbox 460 2505 586 2570; x_wconf 81' lang='lat' dir='ltr'><strong><em>satyrion?</em></strong></span> <span class='ocrx_word' id='word_1_380' title='bbox 605 2510 645 2556; x_wconf 88' lang='grc'><strong><em>97.</em></strong></span> <span class='ocrx_word' id='word_1_381' title='bbox 658 2504 815 2570; x_wconf 73' lang='lat' dir='ltr'><strong><em>erythraicon,</em></strong></span> <span class='ocrx_word' id='word_1_382' title='bbox 826 2501 855 2567; x_wconf 81' lang='grc' dir='ltr'><strong><em>β.</em></strong></span> <span class='ocrx_word' id='word_1_383' title='bbox 874 2509 915 2555; x_wconf 90' lang='grc'><strong><em>98.</em></strong></span> <span class='ocrx_word' id='word_1_384' title='bbox 927 2501 1056 2565; x_wconf 88' lang='lat' dir='ltr'><strong><em>stimulare,</em></strong></span> <span class='ocrx_word' id='word_1_385' title='bbox 1069 2518 1124 2552; x_wconf 89' lang='lat' dir='ltr'><em>nos.</em></span> <span class='ocrx_word' id='word_1_386' title='bbox 1142 2507 1183 2551; x_wconf 92' lang='grc'><strong><em>99.</em></strong></span> <span class='ocrx_word' id='word_1_387' title='bbox 1196 2516 1267 2549; x_wconf 86' lang='lat' dir='ltr'><strong><em>arre-</em></strong></span> 
     </span>
     <span class='ocr_line' id='line_1_33' title="bbox 177 2563 1266 2636; baseline -0.003 -18"><span class='ocrx_word' id='word_1_388' title='bbox 177 2586 290 2634; x_wconf 87' lang='lat' dir='ltr'><strong><em>ncyomon,</em></strong></span> <span class='ocrx_word' id='word_1_389' title='bbox 312 2572 461 2635; x_wconf 81' lang='lat' dir='ltr'><strong><em>Delecump.</em></strong></span> <span class='ocrx_word' id='word_1_390' title='bbox 492 2579 547 2623; x_wconf 87' lang='grc'><strong>102.</strong></span> <span class='ocrx_word' id='word_1_391' title='bbox 568 2567 818 2636; x_wconf 58' lang='lat' dir='ltr'><strong><em>aspera-succisi.</em></strong></span> <span class='ocrx_word' id='word_1_392' title='bbox 844 2572 980 2633; x_wconf 87' lang='lat' dir='ltr'><em>X1‚n0s.</em></span> <span class='ocrx_word' id='word_1_393' title='bbox 1008 2577 1064 2621; x_wconf 87' lang='lat'><em>105.</em></span> <span class='ocrx_word' id='word_1_394' title='bbox 1085 2568 1224 2634; x_wconf 71' lang='lat' dir='ltr'><strong><em>impositum,</em></strong></span> <span class='ocrx_word' id='word_1_395' title='bbox 1235 2563 1266 2629; x_wconf 79' lang='grc' dir='ltr'><strong><em>β.</em></strong></span> 
     </span>
     <span class='ocr_line' id='line_1_34' title="bbox 179 2636 1267 2706; baseline -0.001 -19"><span class='ocrx_word' id='word_1_396' title='bbox 179 2641 235 2687; x_wconf 88' lang='grc'><strong>108.</strong></span> <span class='ocrx_word' id='word_1_397' title='bbox 248 2636 361 2702; x_wconf 85' lang='lat' dir='ltr'><strong><em>myrtida,</em></strong></span> <span class='ocrx_word' id='word_1_398' title='bbox 373 2639 497 2690; x_wconf 82' lang='lat' dir='ltr'><strong><em>Harduin.</em></strong></span> <span class='ocrx_word' id='word_1_399' title='bbox 517 2647 573 2690; x_wconf 90' lang='lat'><em>111.</em></span> <span class='ocrx_word' id='word_1_400' title='bbox 586 2639 737 2706; x_wconf 89' lang='lat' dir='ltr'><strong><em>amyydalae,</em></strong></span> <span class='ocrx_word' id='word_1_401' title='bbox 747 2656 802 2691; x_wconf 89' lang='lat' dir='ltr'><em>nos.</em></span> <span class='ocrx_word' id='word_1_402' title='bbox 822 2645 878 2690; x_wconf 91' lang='grc'><strong>113.</strong></span> <span class='ocrx_word' id='word_1_403' title='bbox 889 2654 1003 2702; x_wconf 84' lang='lat' dir='ltr'><strong><em>panaces,</em></strong></span> <span class='ocrx_word' id='word_1_404' title='bbox 1011 2654 1066 2688; x_wconf 88' lang='lat' dir='ltr'><em>nos.</em></span> <span class='ocrx_word' id='word_1_405' title='bbox 1078 2637 1200 2701; x_wconf 85' lang='lat' dir='ltr'><strong><em>aycricon,</em></strong></span> <span class='ocrx_word' id='word_1_406' title='bbox 1209 2651 1267 2686; x_wconf 86' lang='lat' dir='ltr'><strong><em>noe.</em></strong></span> 
     </span>
     <span class='ocr_line' id='line_1_35' title="bbox 181 2702 1267 2771; baseline -0.003 -17"><span class='ocrx_word' id='word_1_407' title='bbox 181 2710 236 2755; x_wconf 92' lang='grc'><strong>115.</strong></span> <span class='ocrx_word' id='word_1_408' title='bbox 253 2721 304 2753; x_wconf 77' lang='lat' dir='ltr'><strong><em>curu</em></strong></span> <span class='ocrx_word' id='word_1_409' title='bbox 316 2703 373 2765; x_wconf 89' lang='lat' dir='ltr'><strong><em>oleo,</em></strong></span> <span class='ocrx_word' id='word_1_410' title='bbox 385 2702 413 2767; x_wconf 81' lang='grc' dir='ltr'><strong><em>β.</em></strong></span> <span class='ocrx_word' id='word_1_411' title='bbox 432 2716 570 2770; x_wconf 83' lang='lat' dir='ltr'><strong><em>quaternae,</em></strong></span> <span class='ocrx_word' id='word_1_412' title='bbox 582 2709 691 2759; x_wconf 81' lang='lat' dir='ltr'><strong><em>Pintiau.</em></strong></span> <span class='ocrx_word' id='word_1_413' title='bbox 712 2714 769 2759; x_wconf 83' lang='lat'><em>119.</em></span> <span class='ocrx_word' id='word_1_414' title='bbox 778 2723 893 2771; x_wconf 86' lang='lat' dir='ltr'><strong><em>panaces,</em></strong></span> <span class='ocrx_word' id='word_1_415' title='bbox 906 2702 936 2766; x_wconf 80' lang='grc' dir='ltr'><strong><em>β.</em></strong></span> <span class='ocrx_word' id='word_1_416' title='bbox 956 2713 1012 2757; x_wconf 88' lang='grc'><strong>123.</strong></span> <span class='ocrx_word' id='word_1_417' title='bbox 1025 2705 1114 2755; x_wconf 80' lang='lat' dir='ltr'><strong><em>etiam?</em></strong></span> <span class='ocrx_word' id='word_1_418' title='bbox 1135 2711 1191 2755; x_wconf 85' lang='lat'><em>124.</em></span> <span class='ocrx_word' id='word_1_419' title='bbox 1203 2711 1267 2752; x_wconf 73' lang='lat' dir='ltr'><strong><em>stru</em></strong></span> 
     </span>
     <span class='ocr_line' id='line_1_36' title="bbox 179 2768 1266 2839; baseline 0.001 -20"><span class='ocrx_word' id='word_1_420' title='bbox 179 2770 243 2820; x_wconf 80' lang='lat' dir='ltr'><strong><em>ihion</em></strong></span> <span class='ocrx_word' id='word_1_421' title='bbox 255 2771 287 2833; x_wconf 91' lang='lat' dir='ltr'><strong><em>in,</em></strong></span> <span class='ocrx_word' id='word_1_422' title='bbox 299 2768 329 2834; x_wconf 66' lang='lat' dir='ltr'><strong><em>pi.</em></strong></span> <span class='ocrx_word' id='word_1_423' title='bbox 349 2780 405 2824; x_wconf 90' lang='grc'><strong>130.</strong></span> <span class='ocrx_word' id='word_1_424' title='bbox 424 2782 446 2822; x_wconf 95' lang='grc'><strong><em>41</em></strong></span> <span class='ocrx_word' id='word_1_425' title='bbox 457 2773 607 2839; x_wconf 79' lang='lat' dir='ltr'><strong><em>epithymum,</em></strong></span> <span class='ocrx_word' id='word_1_426' title='bbox 618 2791 674 2825; x_wconf 85' lang='lat' dir='ltr'><em>nos.</em></span> <span class='ocrx_word' id='word_1_427' title='bbox 692 2774 800 2836; x_wconf 70' lang='lat' dir='ltr'><strong><em>alaman,</em></strong></span> <span class='ocrx_word' id='word_1_428' title='bbox 809 2791 864 2825; x_wconf 86' lang='lat' dir='ltr'><em>nos.</em></span> <span class='ocrx_word' id='word_1_429' title='bbox 879 2780 935 2824; x_wconf 90' lang='grc'><strong>131.</strong></span> <span class='ocrx_word' id='word_1_430' title='bbox 947 2768 1126 2835; x_wconf 73' lang='lat' dir='ltr'><strong><em>ischaeman,ss.</em></strong></span> <span class='ocrx_word' id='word_1_431' title='bbox 1142 2771 1266 2831; x_wconf 67' lang='lat' dir='ltr'><strong><em>laesisti,</em></strong></span> 
     </span>
     <span class='ocr_line' id='line_1_37' title="bbox 179 2837 1267 2906; baseline -0.002 -16"><span class='ocrx_word' id='word_1_432' title='bbox 179 2839 292 2890; x_wconf 82' lang='lat' dir='ltr'><strong><em>Gronov.</em></strong></span> <span class='ocrx_word' id='word_1_433' title='bbox 317 2845 373 2890; x_wconf 85' lang='grc'><strong>133.</strong></span> <span class='ocrx_word' id='word_1_434' title='bbox 390 2840 526 2906; x_wconf 83' lang='lat' dir='ltr'><strong><em>scandente,</em></strong></span> <span class='ocrx_word' id='word_1_435' title='bbox 536 2837 567 2904; x_wconf 77' lang='grc' dir='ltr'><strong><em>β.</em></strong></span> <span class='ocrx_word' id='word_1_436' title='bbox 587 2849 642 2892; x_wconf 86' lang='grc'><strong>134.</strong></span> <span class='ocrx_word' id='word_1_437' title='bbox 660 2842 801 2906; x_wconf 88' lang='lat' dir='ltr'><strong><em>impositam,</em></strong></span> <span class='ocrx_word' id='word_1_438' title='bbox 812 2838 842 2904; x_wconf 74' lang='grc'><strong><em>19.</em></strong></span> <span class='ocrx_word' id='word_1_439' title='bbox 862 2847 919 2893; x_wconf 90' lang='grc'><strong>136.</strong></span> <span class='ocrx_word' id='word_1_440' title='bbox 931 2840 1082 2904; x_wconf 83' lang='lat' dir='ltr'><strong><em>inditumque,</em></strong></span> <span class='ocrx_word' id='word_1_441' title='bbox 1094 2837 1124 2903; x_wconf 65' lang='grc'><strong>,19.</strong></span> <span class='ocrx_word' id='word_1_442' title='bbox 1141 2838 1267 2904; x_wconf 81' lang='lat' dir='ltr'><strong><em>stephano-</em></strong></span> 
     </span>
     <span class='ocr_line' id='line_1_38' title="bbox 178 2903 1266 2975; baseline 0.003 -21"><span class='ocrx_word' id='word_1_443' title='bbox 178 2905 251 2969; x_wconf 87' lang='lat' dir='ltr'><strong><em>melis,</em></strong></span> <span class='ocrx_word' id='word_1_444' title='bbox 272 2903 301 2968; x_wconf 82' lang='grc' dir='ltr'><strong><em>β.</em></strong></span> <span class='ocrx_word' id='word_1_445' title='bbox 330 2912 386 2959; x_wconf 89' lang='grc'><strong>137.</strong></span> <span class='ocrx_word' id='word_1_446' title='bbox 408 2909 529 2973; x_wconf 85' lang='lat' dir='ltr'><strong><em>cynricum</em></strong></span> <span class='ocrx_word' id='word_1_447' title='bbox 550 2910 611 2971; x_wconf 78' lang='lat' dir='ltr'><strong><em>ium,</em></strong></span> <span class='ocrx_word' id='word_1_448' title='bbox 632 2912 782 2975; x_wconf 82' lang='lat' dir='ltr'><strong><em>Delccamp.</em></strong></span> <span class='ocrx_word' id='word_1_449' title='bbox 808 2909 928 2975; x_wconf 79' lang='lat' dir='ltr'><strong><em>symphyti</em></strong></span> <span class='ocrx_word' id='word_1_450' title='bbox 945 2925 1021 2969; x_wconf 87' lang='lat' dir='ltr'><strong><em>sucus,</em></strong></span> <span class='ocrx_word' id='word_1_451' title='bbox 1041 2924 1098 2960; x_wconf 90' lang='lat' dir='ltr'><em>nos.</em></span> <span class='ocrx_word' id='word_1_452' title='bbox 1125 2907 1188 2966; x_wconf 87' lang='lat' dir='ltr'><strong><em>item,</em></strong></span> <span class='ocrx_word' id='word_1_453' title='bbox 1209 2923 1266 2958; x_wconf 87' lang='lat' dir='ltr'><em>nos.</em></span> 
     </span>
     <span class='ocr_line' id='line_1_39' title="bbox 181 2970 1267 3041; baseline -0.002 -15"><span class='ocrx_word' id='word_1_454' title='bbox 181 2981 236 3026; x_wconf 87' lang='grc'><strong>139.</strong></span> <span class='ocrx_word' id='word_1_455' title='bbox 257 2975 339 3036; x_wconf 89' lang='lat' dir='ltr'><strong><em>siccat,</em></strong></span> <span class='ocrx_word' id='word_1_456' title='bbox 358 2971 387 3037; x_wconf 79' lang='grc' dir='ltr'><strong><em>β.</em></strong></span> <span class='ocrx_word' id='word_1_457' title='bbox 417 2983 473 3028; x_wconf 89' lang='grc'><strong>146.</strong></span> <span class='ocrx_word' id='word_1_458' title='bbox 494 2978 601 3028; x_wconf 89' lang='lat' dir='ltr'><strong><em>cacoethe</em></strong></span> <span class='ocrx_word' id='word_1_459' title='bbox 621 2995 650 3027; x_wconf 82' lang='lat' dir='ltr'><strong><em>ec</em></strong></span> <span class='ocrx_word' id='word_1_460' title='bbox 670 2987 742 3040; x_wconf 88' lang='lat' dir='ltr'><strong><em>aceto,</em></strong></span> <span class='ocrx_word' id='word_1_461' title='bbox 763 2975 801 3040; x_wconf 65' lang='lat' dir='ltr'><strong><em>fl?</em></strong></span> <span class='ocrx_word' id='word_1_462' title='bbox 831 2984 886 3028; x_wconf 90' lang='grc'><strong>149.</strong></span> <span class='ocrx_word' id='word_1_463' title='bbox 903 2976 968 3041; x_wconf 86' lang='lat' dir='ltr'><strong><em>alyn,</em></strong></span> <span class='ocrx_word' id='word_1_464' title='bbox 984 2972 1014 3038; x_wconf 70' lang='lat' dir='ltr'><strong><em>pi.</em></strong></span> <span class='ocrx_word' id='word_1_465' title='bbox 1043 2983 1098 3027; x_wconf 91' lang='grc'><strong>150.</strong></span> <span class='ocrx_word' id='word_1_466' title='bbox 1115 2976 1221 3035; x_wconf 86' lang='lat' dir='ltr'><strong><em>scabros,</em></strong></span> <span class='ocrx_word' id='word_1_467' title='bbox 1237 2970 1267 3035; x_wconf 77' lang='grc'><strong><em>19.</em></strong></span> 
     </span>
     <span class='ocr_line' id='line_1_40' title="bbox 182 3041 1267 3109; baseline -0.001 -16"><span class='ocrx_word' id='word_1_468' title='bbox 182 3048 237 3093; x_wconf 88' lang='grc'><strong>152.</strong></span> <span class='ocrx_word' id='word_1_469' title='bbox 250 3044 328 3105; x_wconf 87' lang='lat' dir='ltr'><strong><em>ctiam,</em></strong></span> <span class='ocrx_word' id='word_1_470' title='bbox 341 3041 370 3106; x_wconf 68' lang='grc'><strong>,19.</strong></span> <span class='ocrx_word' id='word_1_471' title='bbox 392 3051 446 3094; x_wconf 88' lang='grc'><strong>153.</strong></span> <span class='ocrx_word' id='word_1_472' title='bbox 460 3054 531 3108; x_wconf 91' lang='lat' dir='ltr'><strong><em>utne,</em></strong></span> <span class='ocrx_word' id='word_1_473' title='bbox 542 3044 572 3108; x_wconf 77' lang='grc' dir='ltr'><strong><em>β.</em></strong></span> <span class='ocrx_word' id='word_1_474' title='bbox 594 3051 649 3098; x_wconf 87' lang='grc'><strong>157.</strong></span> <span class='ocrx_word' id='word_1_475' title='bbox 653 3046 721 3109; x_wconf 84' lang='lat' dir='ltr'><strong><em>facit</em></strong></span> <span class='ocrx_word' id='word_1_476' title='bbox 732 3055 762 3107; x_wconf 88' lang='lat' dir='ltr'><strong><em>et,</em></strong></span> <span class='ocrx_word' id='word_1_477' title='bbox 774 3062 830 3096; x_wconf 88' lang='lat' dir='ltr'><em>nos.</em></span> <span class='ocrx_word' id='word_1_478' title='bbox 852 3051 906 3096; x_wconf 90' lang='grc'><strong>158.</strong></span> <span class='ocrx_word' id='word_1_479' title='bbox 919 3043 1000 3093; x_wconf 89' lang='lat' dir='ltr'><strong><em>radice</em></strong></span> <span class='ocrx_word' id='word_1_480' title='bbox 1011 3044 1104 3093; x_wconf 87' lang='lat' dir='ltr'><strong><em>corticis</em></strong></span> <span class='ocrx_word' id='word_1_481' title='bbox 1114 3080 1197 3105; x_wconf 89' lang='grc'><strong>......</strong></span> <span class='ocrx_word' id='word_1_482' title='bbox 1209 3059 1267 3093; x_wconf 74' lang='lat' dir='ltr'><strong><em>nos.</em></strong></span> 
     </span>
     <span class='ocr_line' id='line_1_41' title="bbox 178 3107 1266 3178; baseline 0 -19"><span class='ocrx_word' id='word_1_483' title='bbox 178 3111 302 3173; x_wconf 88' lang='lat' dir='ltr'><strong><em>secundas,</em></strong></span> <span class='ocrx_word' id='word_1_484' title='bbox 321 3107 351 3173; x_wconf 79' lang='grc' dir='ltr'><strong><em>β.</em></strong></span> <span class='ocrx_word' id='word_1_485' title='bbox 378 3111 485 3171; x_wconf 80' lang='lat' dir='ltr'><strong><em>alcimae,</em></strong></span> <span class='ocrx_word' id='word_1_486' title='bbox 506 3131 561 3164; x_wconf 87' lang='lat' dir='ltr'><em>nos.</em></span> <span class='ocrx_word' id='word_1_487' title='bbox 590 3121 646 3164; x_wconf 92' lang='grc'><strong>162.</strong></span> <span class='ocrx_word' id='word_1_488' title='bbox 664 3114 824 3178; x_wconf 87' lang='lat' dir='ltr'><strong><em>perhibentur,</em></strong></span> <span class='ocrx_word' id='word_1_489' title='bbox 844 3109 873 3175; x_wconf 76' lang='grc' dir='ltr'><strong><em>β.</em></strong></span> <span class='ocrx_word' id='word_1_490' title='bbox 900 3120 1035 3176; x_wconf 83' lang='lat' dir='ltr'><strong><em>utramque,</em></strong></span> <span class='ocrx_word' id='word_1_491' title='bbox 1054 3107 1084 3174; x_wconf 77' lang='grc' dir='ltr'><strong><em>β.</em></strong></span> <span class='ocrx_word' id='word_1_492' title='bbox 1110 3111 1217 3173; x_wconf 84' lang='lat' dir='ltr'><strong><em>similem,</em></strong></span> <span class='ocrx_word' id='word_1_493' title='bbox 1237 3107 1266 3171; x_wconf 81' lang='grc' dir='ltr'><strong><em>β.</em></strong></span> 
     </span>
     <span class='ocr_line' id='line_1_42' title="bbox 182 3177 927 3247; baseline 0.003 -19"><span class='ocrx_word' id='word_1_494' title='bbox 182 3186 237 3230; x_wconf 91' lang='grc'><strong>163.</strong></span> <span class='ocrx_word' id='word_1_495' title='bbox 249 3179 377 3244; x_wconf 82' lang='lat' dir='ltr'><strong><em>Eriperon,</em></strong></span> <span class='ocrx_word' id='word_1_496' title='bbox 388 3177 418 3243; x_wconf 79' lang='grc' dir='ltr'><strong><em>β.</em></strong></span> <span class='ocrx_word' id='word_1_497' title='bbox 439 3186 495 3231; x_wconf 91' lang='grc'><strong>164.</strong></span> <span class='ocrx_word' id='word_1_498' title='bbox 508 3183 628 3244; x_wconf 81' lang='lat' dir='ltr'><strong><em>corissum,</em></strong></span> <span class='ocrx_word' id='word_1_499' title='bbox 640 3199 694 3233; x_wconf 91' lang='lat' dir='ltr'><em>nos.</em></span> <span class='ocrx_word' id='word_1_500' title='bbox 714 3182 808 3247; x_wconf 91' lang='lat' dir='ltr'><strong><em>ophrys,</em></strong></span> <span class='ocrx_word' id='word_1_501' title='bbox 821 3183 927 3231; x_wconf 81' lang='lat' dir='ltr'><strong><em>Barbur.</em></strong></span> 
     </span>
    </p>
   </div>
   <div class='ocr_carea' id='block_1_4' title="bbox 144 3260 1269 3941">
    <p class='ocr_par' dir='ltr' id='par_1_7' title="bbox 144 3260 1269 3941">
     <span class='ocr_line' id='line_1_43' title="bbox 144 3260 1269 3331; baseline -0.005 -14"><span class='ocrx_word' id='word_1_502' title='bbox 144 3265 259 3317; x_wconf 84' lang='lat' dir='ltr'><em>XXVII.</em></span> <span class='ocrx_word' id='word_1_503' title='bbox 278 3272 301 3315; x_wconf 94' lang='grc'><strong><em>2.</em></strong></span> <span class='ocrx_word' id='word_1_504' title='bbox 312 3273 442 3328; x_wconf 90' lang='lat' dir='ltr'><strong><em>parentem,</em></strong></span> <span class='ocrx_word' id='word_1_505' title='bbox 453 3262 482 3328; x_wconf 78' lang='grc' dir='ltr'><strong><em>β.</em></strong></span> <span class='ocrx_word' id='word_1_506' title='bbox 500 3272 525 3317; x_wconf 89' lang='grc'><strong><em>4.</em></strong></span> <span class='ocrx_word' id='word_1_507' title='bbox 538 3267 562 3316; x_wconf 88' lang='lat' dir='ltr'><strong><em>in</em></strong></span> <span class='ocrx_word' id='word_1_508' title='bbox 575 3266 681 3331; x_wconf 89' lang='lat' dir='ltr'><strong><em>diyitum.</em></strong></span> <span class='ocrx_word' id='word_1_509' title='bbox 697 3267 797 3317; x_wconf 75' lang='lat' dir='ltr'><strong><em>Ortum?</em></strong></span> <span class='ocrx_word' id='word_1_510' title='bbox 818 3272 839 3316; x_wconf 88' lang='grc'><strong><em>7.</em></strong></span> <span class='ocrx_word' id='word_1_511' title='bbox 852 3265 1043 3326; x_wconf 88' lang='lat' dir='ltr'><strong><em>demonstratum,</em></strong></span> <span class='ocrx_word' id='word_1_512' title='bbox 1054 3260 1084 3326; x_wconf 83' lang='grc' dir='ltr'><strong><em>β.</em></strong></span> <span class='ocrx_word' id='word_1_513' title='bbox 1107 3270 1131 3314; x_wconf 89' lang='grc'><strong><em>8.</em></strong></span> <span class='ocrx_word' id='word_1_514' title='bbox 1144 3263 1187 3313; x_wconf 89' lang='lat' dir='ltr'><strong><em>hoc</em></strong></span> <span class='ocrx_word' id='word_1_515' title='bbox 1198 3261 1269 3312; x_wconf 88' lang='lat' dir='ltr'><strong><em>habet</em></strong></span> 
     </span>
     <span class='ocr_line' id='line_1_44' title="bbox 179 3326 1267 3398; baseline -0.001 -17"><span class='ocrx_word' id='word_1_516' title='bbox 179 3335 277 3383; x_wconf 78' lang='lat' dir='ltr'><strong><em>nomen?</em></strong></span> <span class='ocrx_word' id='word_1_517' title='bbox 300 3335 513 3395; x_wconf 80' lang='lat' dir='ltr'><strong><em>naturc,Barbar.</em></strong></span> <span class='ocrx_word' id='word_1_518' title='bbox 538 3341 577 3385; x_wconf 88' lang='grc'><strong><em>11.</em></strong></span> <span class='ocrx_word' id='word_1_519' title='bbox 591 3333 693 3398; x_wconf 87' lang='lat' dir='ltr'><strong><em>phlomo,</em></strong></span> <span class='ocrx_word' id='word_1_520' title='bbox 705 3330 734 3395; x_wconf 68' lang='lat' dir='ltr'><strong><em>st.</em></strong></span> <span class='ocrx_word' id='word_1_521' title='bbox 757 3351 882 3383; x_wconf 89' lang='lat' dir='ltr'><strong><em>concavum</em></strong></span> <span class='ocrx_word' id='word_1_522' title='bbox 894 3332 950 3392; x_wconf 76' lang='grc'><strong>4114,</strong></span> <span class='ocrx_word' id='word_1_523' title='bbox 962 3334 1066 3383; x_wconf 79' lang='lat' dir='ltr'><strong><em>Barbar.</em></strong></span> <span class='ocrx_word' id='word_1_524' title='bbox 1093 3338 1131 3382; x_wconf 91' lang='grc'><strong><em>12.</em></strong></span> <span class='ocrx_word' id='word_1_525' title='bbox 1145 3326 1267 3396; x_wconf 59' lang='lat' dir='ltr'><strong><em>potami.</em></strong></span> 
     </span>
     <span class='ocr_line' id='line_1_45' title="bbox 182 3398 1268 3466; baseline -0.004 -16"><span class='ocrx_word' id='word_1_526' title='bbox 182 3407 220 3451; x_wconf 87' lang='lat'><strong><em>13.</em></strong></span> <span class='ocrx_word' id='word_1_527' title='bbox 233 3400 340 3461; x_wconf 80' lang='lat' dir='ltr'><strong><em>nomine&#39;s,</em></strong></span> <span class='ocrx_word' id='word_1_528' title='bbox 352 3401 470 3464; x_wconf 81' lang='lat' dir='ltr'><strong><em>quoniam,</em></strong></span> <span class='ocrx_word' id='word_1_529' title='bbox 482 3404 592 3453; x_wconf 82' lang='lat' dir='ltr'><strong><em>Pintien.</em></strong></span> <span class='ocrx_word' id='word_1_530' title='bbox 618 3407 656 3452; x_wconf 91' lang='lat'><strong><em>14.</em></strong></span> <span class='ocrx_word' id='word_1_531' title='bbox 667 3403 746 3466; x_wconf 85' lang='lat' dir='ltr'><strong><em>yraoi,</em></strong></span> <span class='ocrx_word' id='word_1_532' title='bbox 758 3399 787 3463; x_wconf 81' lang='grc' dir='ltr'><strong><em>β.</em></strong></span> <span class='ocrx_word' id='word_1_533' title='bbox 804 3407 843 3452; x_wconf 90' lang='grc'><strong><em>15.</em></strong></span> <span class='ocrx_word' id='word_1_534' title='bbox 856 3399 1031 3465; x_wconf 87' lang='lat' dir='ltr'><strong><em>Hierosolyma,</em></strong></span> <span class='ocrx_word' id='word_1_535' title='bbox 1044 3401 1169 3451; x_wconf 80' lang='lat' dir='ltr'><strong><em>Harduin.</em></strong></span> <span class='ocrx_word' id='word_1_536' title='bbox 1190 3401 1229 3450; x_wconf 90' lang='grc'><strong><em>17.</em></strong></span> <span class='ocrx_word' id='word_1_537' title='bbox 1242 3398 1268 3446; x_wconf 89' lang='lat' dir='ltr'><strong><em>in</em></strong></span> 
     </span>
     <span class='ocr_line' id='line_1_46' title="bbox 179 3463 1268 3534; baseline -0.002 -18"><span class='ocrx_word' id='word_1_538' title='bbox 179 3463 275 3529; x_wconf 64' lang='lat' dir='ltr'><strong><em>calepi.</em></strong></span> <span class='ocrx_word' id='word_1_539' title='bbox 305 3475 343 3520; x_wconf 85' lang='grc'><strong><em>18.</em></strong></span> <span class='ocrx_word' id='word_1_540' title='bbox 360 3469 503 3531; x_wconf 87' lang='lat' dir='ltr'><strong><em>scabritiem,</em></strong></span> <span class='ocrx_word' id='word_1_541' title='bbox 519 3487 574 3521; x_wconf 84' lang='lat' dir='ltr'><em>nos.</em></span> <span class='ocrx_word' id='word_1_542' title='bbox 603 3475 642 3519; x_wconf 93' lang='grc'><strong><em>19.</em></strong></span> <span class='ocrx_word' id='word_1_543' title='bbox 659 3465 780 3534; x_wconf 52' lang='grc'><strong>44191449.</strong></span> <span class='ocrx_word' id='word_1_544' title='bbox 808 3477 848 3520; x_wconf 91' lang='grc'><strong><em>21.</em></strong></span> <span class='ocrx_word' id='word_1_545' title='bbox 864 3463 1114 3533; x_wconf 70' lang='lat' dir='ltr'><strong><em>rupte&#39;sconvulsis„d.</em></strong></span> <span class='ocrx_word' id='word_1_546' title='bbox 1142 3474 1182 3520; x_wconf 87' lang='lat'><strong><em>22.</em></strong></span> <span class='ocrx_word' id='word_1_547' title='bbox 1200 3473 1268 3515; x_wconf 83' lang='lat' dir='ltr'><strong><em>caet</em></strong></span> 
     </span>
     <span class='ocr_line' id='line_1_47' title="bbox 180 3533 1268 3599; baseline -0.001 -14"><span class='ocrx_word' id='word_1_548' title='bbox 180 3535 261 3586; x_wconf 82' lang='lat' dir='ltr'><strong><em>cibus?</em></strong></span> <span class='ocrx_word' id='word_1_549' title='bbox 285 3536 344 3596; x_wconf 90' lang='lat' dir='ltr'><strong><em>iure,</em></strong></span> <span class='ocrx_word' id='word_1_550' title='bbox 356 3538 462 3587; x_wconf 84' lang='lat' dir='ltr'><strong><em>Barbur.</em></strong></span> <span class='ocrx_word' id='word_1_551' title='bbox 487 3544 528 3588; x_wconf 90' lang='grc'><strong><em>23.</em></strong></span> <span class='ocrx_word' id='word_1_552' title='bbox 544 3537 637 3597; x_wconf 86' lang='lat' dir='ltr'><strong><em>Alsine,</em></strong></span> <span class='ocrx_word' id='word_1_553' title='bbox 648 3535 678 3599; x_wconf 81' lang='grc' dir='ltr'><strong><em>β.</em></strong></span> <span class='ocrx_word' id='word_1_554' title='bbox 701 3537 801 3599; x_wconf 79' lang='lat' dir='ltr'><strong><em>helxine,</em></strong></span> <span class='ocrx_word' id='word_1_555' title='bbox 812 3533 841 3599; x_wconf 79' lang='grc' dir='ltr'><strong><em>β.</em></strong></span> <span class='ocrx_word' id='word_1_556' title='bbox 864 3543 904 3587; x_wconf 91' lang='lat'><strong><em>24.</em></strong></span> <span class='ocrx_word' id='word_1_557' title='bbox 921 3535 1021 3598; x_wconf 81' lang='lat' dir='ltr'><strong><em>helciae,</em></strong></span> <span class='ocrx_word' id='word_1_558' title='bbox 1033 3536 1139 3586; x_wconf 81' lang='lat' dir='ltr'><strong><em>Borbur.</em></strong></span> <span class='ocrx_word' id='word_1_559' title='bbox 1162 3541 1202 3585; x_wconf 91' lang='grc'><strong><em>25.</em></strong></span> <span class='ocrx_word' id='word_1_560' title='bbox 1219 3533 1268 3598; x_wconf 82' lang='lat' dir='ltr'><strong><em>Sy·</em></strong></span> 
     </span>
     <span class='ocr_line' id='line_1_48' title="bbox 179 3596 1267 3667; baseline -0.003 -15"><span class='ocrx_word' id='word_1_561' title='bbox 179 3598 281 3665; x_wconf 67' lang='grc'><strong>414419.</strong></span> <span class='ocrx_word' id='word_1_562' title='bbox 308 3610 350 3654; x_wconf 88' lang='grc'><strong><em>26.</em></strong></span> <span class='ocrx_word' id='word_1_563' title='bbox 367 3603 471 3653; x_wconf 88' lang='lat' dir='ltr'><strong><em>adoreis</em></strong></span> <span class='ocrx_word' id='word_1_564' title='bbox 486 3606 612 3667; x_wconf 86' lang='lat' dir='ltr'><strong><em>resinosus,</em></strong></span> <span class='ocrx_word' id='word_1_565' title='bbox 628 3607 734 3656; x_wconf 82' lang='lat' dir='ltr'><strong><em>Barbar.</em></strong></span> <span class='ocrx_word' id='word_1_566' title='bbox 762 3613 802 3656; x_wconf 90' lang='grc'><strong><em>29.</em></strong></span> <span class='ocrx_word' id='word_1_567' title='bbox 820 3604 1041 3665; x_wconf 75' lang='lat' dir='ltr'><strong><em>AnanimBarbar.</em></strong></span> <span class='ocrx_word' id='word_1_568' title='bbox 1069 3611 1109 3654; x_wconf 83' lang='lat'><strong><em>30.</em></strong></span> <span class='ocrx_word' id='word_1_569' title='bbox 1128 3617 1225 3666; x_wconf 89' lang='lat' dir='ltr'><strong><em>acopon,</em></strong></span> <span class='ocrx_word' id='word_1_570' title='bbox 1237 3596 1267 3662; x_wconf 79' lang='grc' dir='ltr'><strong><em>β.</em></strong></span> 
     </span>
     <span class='ocr_line' id='line_1_49' title="bbox 181 3667 1267 3737; baseline -0.001 -16"><span class='ocrx_word' id='word_1_571' title='bbox 181 3679 221 3721; x_wconf 89' lang='grc'><strong><em>31.</em></strong></span> <span class='ocrx_word' id='word_1_572' title='bbox 234 3688 247 3720; x_wconf 91' lang='grc'><strong><em>4</em></strong></span> <span class='ocrx_word' id='word_1_573' title='bbox 258 3670 366 3736; x_wconf 75' lang='lat' dir='ltr'><strong><em>Scythia,</em></strong></span> <span class='ocrx_word' id='word_1_574' title='bbox 378 3668 406 3734; x_wconf 78' lang='grc' dir='ltr'><strong><em>β.</em></strong></span> <span class='ocrx_word' id='word_1_575' title='bbox 431 3680 471 3723; x_wconf 88' lang='grc'><strong><em>32.</em></strong></span> <span class='ocrx_word' id='word_1_576' title='bbox 484 3673 691 3737; x_wconf 87' lang='lat' dir='ltr'><strong><em>omphalocarpon,</em></strong></span> <span class='ocrx_word' id='word_1_577' title='bbox 703 3675 809 3724; x_wconf 80' lang='lat' dir='ltr'><strong><em>Barbnr.</em></strong></span> <span class='ocrx_word' id='word_1_578' title='bbox 832 3679 872 3723; x_wconf 88' lang='grc'><strong><em>33.</em></strong></span> <span class='ocrx_word' id='word_1_579' title='bbox 886 3681 919 3735; x_wconf 92' lang='lat' dir='ltr'><strong><em>ut,</em></strong></span> <span class='ocrx_word' id='word_1_580' title='bbox 931 3669 960 3734; x_wconf 78' lang='grc' dir='ltr'><strong><em>β.</em></strong></span> <span class='ocrx_word' id='word_1_581' title='bbox 978 3690 1025 3733; x_wconf 91' lang='lat' dir='ltr'><strong><em>ore,</em></strong></span> <span class='ocrx_word' id='word_1_582' title='bbox 1038 3667 1067 3733; x_wconf 78' lang='grc' dir='ltr'><strong><em>β.</em></strong></span> <span class='ocrx_word' id='word_1_583' title='bbox 1092 3677 1132 3722; x_wconf 88' lang='lat'><strong><em>44.</em></strong></span> <span class='ocrx_word' id='word_1_584' title='bbox 1145 3669 1267 3720; x_wconf 73' lang='lat' dir='ltr'><strong><em>luciolis?</em></strong></span> 
     </span>
     <span class='ocr_line' id='line_1_50' title="bbox 182 3734 1268 3806; baseline -0.004 -17"><span class='ocrx_word' id='word_1_585' title='bbox 182 3738 273 3789; x_wconf 88' lang='lat' dir='ltr'><strong><em>Vulvae</em></strong></span> <span class='ocrx_word' id='word_1_586' title='bbox 284 3739 344 3788; x_wconf 88' lang='lat' dir='ltr'><strong><em>uitia</em></strong></span> <span class='ocrx_word' id='word_1_587' title='bbox 356 3747 379 3787; x_wconf 91' lang='grc'><strong><em>41</em></strong></span> <span class='ocrx_word' id='word_1_588' title='bbox 389 3741 464 3789; x_wconf 82' lang='lat' dir='ltr'><strong><em>cutis?</em></strong></span> <span class='ocrx_word' id='word_1_589' title='bbox 487 3747 528 3792; x_wconf 85' lang='lat'><strong><em>46.</em></strong></span> <span class='ocrx_word' id='word_1_590' title='bbox 541 3749 564 3790; x_wconf 88' lang='grc'><strong><em>41</em></strong></span> <span class='ocrx_word' id='word_1_591' title='bbox 574 3740 655 3800; x_wconf 86' lang='lat' dir='ltr'><strong><em>salem,</em></strong></span> <span class='ocrx_word' id='word_1_592' title='bbox 666 3737 695 3803; x_wconf 79' lang='grc' dir='ltr'><strong><em>β.</em></strong></span> <span class='ocrx_word' id='word_1_593' title='bbox 718 3740 861 3806; x_wconf 86' lang='lat' dir='ltr'><strong><em>appellatur,</em></strong></span> <span class='ocrx_word' id='word_1_594' title='bbox 873 3737 902 3802; x_wconf 62' lang='grc'><strong><em>19.</em></strong></span> <span class='ocrx_word' id='word_1_595' title='bbox 924 3747 965 3793; x_wconf 87' lang='grc'><strong><em>47.</em></strong></span> <span class='ocrx_word' id='word_1_596' title='bbox 978 3758 1008 3789; x_wconf 81' lang='lat' dir='ltr'><strong><em>eu</em></strong></span> <span class='ocrx_word' id='word_1_597' title='bbox 1018 3739 1113 3802; x_wconf 88' lang='lat' dir='ltr'><strong><em>minore,</em></strong></span> <span class='ocrx_word' id='word_1_598' title='bbox 1125 3734 1155 3800; x_wconf 82' lang='grc' dir='ltr'><strong><em>β.</em></strong></span> <span class='ocrx_word' id='word_1_599' title='bbox 1178 3745 1219 3789; x_wconf 92' lang='grc'><strong><em>48.</em></strong></span> <span class='ocrx_word' id='word_1_600' title='bbox 1232 3737 1268 3786; x_wconf 92' lang='lat' dir='ltr'><strong><em>in-</em></strong></span> 
     </span>
     <span class='ocr_line' id='line_1_51' title="bbox 172 3802 1269 3874; baseline -0.005 -15"><span class='ocrx_word' id='word_1_601' title='bbox 172 3802 339 3872; x_wconf 56' lang='lat' dir='ltr'><strong><em>flamma.</em></strong></span> <span class='ocrx_word' id='word_1_602' title='bbox 362 3816 391 3870; x_wconf 88' lang='lat' dir='ltr'><strong><em>et,</em></strong></span> <span class='ocrx_word' id='word_1_603' title='bbox 402 3805 432 3870; x_wconf 75' lang='grc' dir='ltr'><strong><em>β.</em></strong></span> <span class='ocrx_word' id='word_1_604' title='bbox 457 3815 497 3859; x_wconf 91' lang='lat'><strong><em>55.</em></strong></span> <span class='ocrx_word' id='word_1_605' title='bbox 515 3805 675 3874; x_wconf 67' lang='lat' dir='ltr'><strong><em>Brcbyla,yi.</em></strong></span> <span class='ocrx_word' id='word_1_606' title='bbox 700 3809 901 3870; x_wconf 61' lang='grc'><strong>5641441444.</strong></span> <span class='ocrx_word' id='word_1_607' title='bbox 924 3815 964 3860; x_wconf 91' lang='grc'><strong><em>57.</em></strong></span> <span class='ocrx_word' id='word_1_608' title='bbox 976 3808 1102 3872; x_wconf 88' lang='lat' dir='ltr'><strong><em>Bupieuri,</em></strong></span> <span class='ocrx_word' id='word_1_609' title='bbox 1113 3804 1143 3870; x_wconf 80' lang='grc' dir='ltr'><strong><em>β.</em></strong></span> <span class='ocrx_word' id='word_1_610' title='bbox 1167 3811 1207 3856; x_wconf 88' lang='lat'><strong><em>58.</em></strong></span> <span class='ocrx_word' id='word_1_611' title='bbox 1222 3802 1269 3854; x_wconf 79' lang='lat' dir='ltr'><strong><em>Ga·</em></strong></span> 
     </span>
     <span class='ocr_line' id='line_1_52' title="bbox 182 3868 1269 3941; baseline 0.001 -18"><span class='ocrx_word' id='word_1_612' title='bbox 182 3874 230 3940; x_wconf 80' lang='lat' dir='ltr'><strong><em>lya,</em></strong></span> <span class='ocrx_word' id='word_1_613' title='bbox 241 3874 391 3939; x_wconf 79' lang='lat' dir='ltr'><strong><em>Delecamp.</em></strong></span> <span class='ocrx_word' id='word_1_614' title='bbox 410 3892 487 3938; x_wconf 89' lang='lat' dir='ltr'><strong><em>arum,</em></strong></span> <span class='ocrx_word' id='word_1_615' title='bbox 498 3873 536 3938; x_wconf 66' lang='lat' dir='ltr'><strong><em>fi?</em></strong></span> <span class='ocrx_word' id='word_1_616' title='bbox 554 3875 650 3939; x_wconf 89' lang='lat' dir='ltr'><strong><em>decocti,</em></strong></span> <span class='ocrx_word' id='word_1_617' title='bbox 658 3873 687 3938; x_wconf 76' lang='grc' dir='ltr'><strong><em>β.</em></strong></span> <span class='ocrx_word' id='word_1_618' title='bbox 706 3882 746 3927; x_wconf 89' lang='grc'><strong><em>59.</em></strong></span> <span class='ocrx_word' id='word_1_619' title='bbox 760 3875 885 3937; x_wconf 87' lang='lat' dir='ltr'><strong><em>onocleam,</em></strong></span> <span class='ocrx_word' id='word_1_620' title='bbox 894 3876 1043 3941; x_wconf 83' lang='lat' dir='ltr'><strong><em>Delecemp.</em></strong></span> <span class='ocrx_word' id='word_1_621' title='bbox 1062 3881 1103 3928; x_wconf 86' lang='grc'><strong><em>62.</em></strong></span> <span class='ocrx_word' id='word_1_622' title='bbox 1116 3874 1229 3934; x_wconf 83' lang='lat' dir='ltr'><strong><em>nascitur,</em></strong></span> <span class='ocrx_word' id='word_1_623' title='bbox 1239 3868 1269 3933; x_wconf 81' lang='grc' dir='ltr'><strong><em>β.</em></strong></span> 
     </span>
    </p>
   </div>
   <div class='ocr_carea' id='block_1_5' title="bbox 179 3937 1269 4209">
    <p class='ocr_par' dir='ltr' id='par_1_8' title="bbox 179 3937 1269 4209">
     <span class='ocr_line' id='line_1_53' title="bbox 179 3937 1269 4010; baseline 0.001 -19"><span class='ocrx_word' id='word_1_624' title='bbox 179 3951 266 4005; x_wconf 88' lang='lat' dir='ltr'><strong><em>partus</em></strong></span> <span class='ocrx_word' id='word_1_625' title='bbox 281 3959 375 4002; x_wconf 82' lang='lat' dir='ltr'><strong><em>secum,</em></strong></span> <span class='ocrx_word' id='word_1_626' title='bbox 391 3938 420 4005; x_wconf 77' lang='grc' dir='ltr'><strong><em>β.</em></strong></span> <span class='ocrx_word' id='word_1_627' title='bbox 448 3952 552 4004; x_wconf 86' lang='lat' dir='ltr'><strong><em>uocatur,</em></strong></span> <span class='ocrx_word' id='word_1_628' title='bbox 569 3941 596 4006; x_wconf 70' lang='grc' dir='ltr'><strong><em>β.</em></strong></span> <span class='ocrx_word' id='word_1_629' title='bbox 625 3952 665 3995; x_wconf 90' lang='grc'><strong><em>63.</em></strong></span> <span class='ocrx_word' id='word_1_630' title='bbox 683 3954 822 4010; x_wconf 87' lang='lat' dir='ltr'><strong><em>crataeyon,</em></strong></span> <span class='ocrx_word' id='word_1_631' title='bbox 840 3946 964 3995; x_wconf 79' lang='lat' dir='ltr'><strong><em>Hurduin.</em></strong></span> <span class='ocrx_word' id='word_1_632' title='bbox 992 3951 1031 3996; x_wconf 85' lang='lat'><strong><em>85.</em></strong></span> <span class='ocrx_word' id='word_1_633' title='bbox 1053 3940 1223 4010; x_wconf 65' lang='lat' dir='ltr'><strong><em>cynosorchim,</em></strong></span> <span class='ocrx_word' id='word_1_634' title='bbox 1239 3937 1269 4002; x_wconf 75' lang='grc' dir='ltr'><strong><em>β.</em></strong></span> 
     </span>
     <span class='ocr_line' id='line_1_54' title="bbox 184 4006 1269 4076; baseline -0.001 -17"><span class='ocrx_word' id='word_1_635' title='bbox 184 4017 223 4060; x_wconf 90' lang='grc'><strong><em>68.</em></strong></span> <span class='ocrx_word' id='word_1_636' title='bbox 237 4009 351 4073; x_wconf 90' lang='lat' dir='ltr'><strong><em>cucubali,</em></strong></span> <span class='ocrx_word' id='word_1_637' title='bbox 362 4006 392 4072; x_wconf 79' lang='grc' dir='ltr'><strong><em>β.</em></strong></span> <span class='ocrx_word' id='word_1_638' title='bbox 415 4012 518 4072; x_wconf 89' lang='lat' dir='ltr'><strong><em>strumis,</em></strong></span> <span class='ocrx_word' id='word_1_639' title='bbox 530 4009 559 4074; x_wconf 70' lang='grc'><strong>,19.</strong></span> <span class='ocrx_word' id='word_1_640' title='bbox 585 4015 624 4063; x_wconf 90' lang='grc'><strong><em>71.</em></strong></span> <span class='ocrx_word' id='word_1_641' title='bbox 643 4028 842 4074; x_wconf 76' lang='grc'><strong>44444444,444.</strong></span> <span class='ocrx_word' id='word_1_642' title='bbox 868 4016 907 4062; x_wconf 88' lang='grc'><strong><em>73.</em></strong></span> <span class='ocrx_word' id='word_1_643' title='bbox 924 4011 1095 4076; x_wconf 84' lang='lat' dir='ltr'><strong><em>Dryophonon,</em></strong></span> <span class='ocrx_word' id='word_1_644' title='bbox 1106 4007 1136 4073; x_wconf 79' lang='grc' dir='ltr'><strong><em>β.</em></strong></span> <span class='ocrx_word' id='word_1_645' title='bbox 1160 4015 1200 4062; x_wconf 90' lang='grc'><strong><em>75.</em></strong></span> <span class='ocrx_word' id='word_1_646' title='bbox 1209 4011 1269 4073; x_wconf 81' lang='lat' dir='ltr'><strong><em>fue·</em></strong></span> 
     </span>
     <span class='ocr_line' id='line_1_55' title="bbox 182 4073 1269 4209; baseline 0.001 -83"><span class='ocrx_word' id='word_1_647' title='bbox 182 4077 221 4138; x_wconf 86' lang='lat' dir='ltr'><strong><em>rit,</em></strong></span> <span class='ocrx_word' id='word_1_648' title='bbox 232 4073 260 4139; x_wconf 80' lang='grc' dir='ltr'><strong><em>β.</em></strong></span> <span class='ocrx_word' id='word_1_649' title='bbox 280 4082 319 4130; x_wconf 89' lang='grc'><strong><em>78.</em></strong></span> <span class='ocrx_word' id='word_1_650' title='bbox 339 4078 490 4209; x_wconf 55' lang='lat' dir='ltr'><strong><em>thebupterin,</em></strong></span> <span class='ocrx_word' id='word_1_651' title='bbox 502 4077 532 4142; x_wconf 77' lang='grc' dir='ltr'><strong><em>β.</em></strong></span> <span class='ocrx_word' id='word_1_652' title='bbox 550 4080 637 4143; x_wconf 82' lang='lat' dir='ltr'><strong><em>pterim,</em></strong></span> <span class='ocrx_word' id='word_1_653' title='bbox 646 4076 675 4142; x_wconf 68' lang='grc'><strong><em>19.</em></strong></span> <span class='ocrx_word' id='word_1_654' title='bbox 696 4085 735 4132; x_wconf 90' lang='grc'><strong><em>79.</em></strong></span> <span class='ocrx_word' id='word_1_655' title='bbox 748 4080 849 4141; x_wconf 87' lang='lat' dir='ltr'><strong><em>taenias,</em></strong></span> <span class='ocrx_word' id='word_1_656' title='bbox 861 4075 940 4140; x_wconf 65' lang='lat' dir='ltr'><strong><em>dbis.</em></strong></span> <span class='ocrx_word' id='word_1_657' title='bbox 960 4087 1000 4131; x_wconf 90' lang='grc'><strong><em>81.</em></strong></span> <span class='ocrx_word' id='word_1_658' title='bbox 1016 4078 1150 4144; x_wconf 81' lang='lat' dir='ltr'><strong><em>Galeopsis,</em></strong></span> <span class='ocrx_word' id='word_1_659' title='bbox 1162 4079 1269 4128; x_wconf 80' lang='lat' dir='ltr'><strong><em>Barbar.</em></strong></span> 
     </span>
    </p>
   </div>
   <div class='ocr_carea' id='block_1_6' title="bbox 181 4143 1271 4349">
    <p class='ocr_par' dir='ltr' id='par_1_9' title="bbox 181 4143 1271 4349">
     <span class='ocr_line' id='line_1_56' title="bbox 182 4143 1269 4214; baseline 0 -20"><span class='ocrx_word' id='word_1_660' title='bbox 182 4152 222 4195; x_wconf 82' lang='lat'><strong><em>91.</em></strong></span> <span class='ocrx_word' id='word_1_661' title='bbox 235 4154 355 4210; x_wconf 87' lang='lat' dir='ltr'><strong><em>ccyuntur,</em></strong></span> <span class='ocrx_word' id='word_1_662' title='bbox 424 4154 464 4198; x_wconf 83' lang='lat'><strong><em>22.</em></strong></span> <span class='ocrx_word' id='word_1_663' title='bbox 481 4165 563 4210; x_wconf 88' lang='lat' dir='ltr'><strong><em>aenae,</em></strong></span> <span class='ocrx_word' id='word_1_664' title='bbox 579 4165 634 4200; x_wconf 85' lang='lat' dir='ltr'><strong><em>nos.</em></strong></span> <span class='ocrx_word' id='word_1_665' title='bbox 661 4144 796 4210; x_wconf 61' lang='lat' dir='ltr'><strong><em>halensi.</em></strong></span> <span class='ocrx_word' id='word_1_666' title='bbox 823 4143 1058 4214; x_wconf 67' lang='lat' dir='ltr'><strong><em>93.Hypecoon,ss.</em></strong></span> <span class='ocrx_word' id='word_1_667' title='bbox 1085 4145 1269 4207; x_wconf 88' lang='lat' dir='ltr'><strong><em>adhaerentiis,</em></strong></span> 
     </span>
     <span class='ocr_line' id='line_1_57' title="bbox 182 4211 1271 4281; baseline -0.002 -18"><span class='ocrx_word' id='word_1_668' title='bbox 182 4229 230 4266; x_wconf 86' lang='lat' dir='ltr'><strong><em>nos</em></strong></span> <span class='ocrx_word' id='word_1_669' title='bbox 241 4229 300 4263; x_wconf 85' lang='lat' dir='ltr'><strong><em>cum</em></strong></span> <span class='ocrx_word' id='word_1_670' title='bbox 312 4216 432 4267; x_wconf 78' lang='lat' dir='ltr'><strong><em>Barbara.</em></strong></span> <span class='ocrx_word' id='word_1_671' title='bbox 455 4215 532 4278; x_wconf 87' lang='lat' dir='ltr'><strong><em>habet,</em></strong></span> <span class='ocrx_word' id='word_1_672' title='bbox 543 4211 572 4278; x_wconf 77' lang='grc' dir='ltr'><strong><em>β.</em></strong></span> <span class='ocrx_word' id='word_1_673' title='bbox 596 4222 636 4267; x_wconf 87' lang='grc'><strong><em>94.</em></strong></span> <span class='ocrx_word' id='word_1_674' title='bbox 648 4214 772 4281; x_wconf 85' lang='lat' dir='ltr'><strong><em>Isopyron,</em></strong></span> <span class='ocrx_word' id='word_1_675' title='bbox 788 4217 894 4267; x_wconf 81' lang='lat' dir='ltr'><strong><em>Burbsr.</em></strong></span> <span class='ocrx_word' id='word_1_676' title='bbox 914 4215 1048 4280; x_wconf 85' lang='lat' dir='ltr'><strong><em>phasiolon,</em></strong></span> <span class='ocrx_word' id='word_1_677' title='bbox 1060 4217 1171 4267; x_wconf 81' lang='lat' dir='ltr'><strong><em>Pintian.</em></strong></span> <span class='ocrx_word' id='word_1_678' title='bbox 1193 4212 1271 4275; x_wconf 91' lang='lat' dir='ltr'><strong><em>caule,</em></strong></span> 
     </span>
     <span class='ocr_line' id='line_1_58' title="bbox 181 4280 1271 4349; baseline -0.001 -17"><span class='ocrx_word' id='word_1_679' title='bbox 181 4283 288 4333; x_wconf 83' lang='lat' dir='ltr'><strong><em>Barbar.</em></strong></span> <span class='ocrx_word' id='word_1_680' title='bbox 312 4288 353 4334; x_wconf 90' lang='grc'><strong><em>96.</em></strong></span> <span class='ocrx_word' id='word_1_681' title='bbox 367 4282 506 4349; x_wconf 88' lang='lat' dir='ltr'><strong><em>pardalion,</em></strong></span> <span class='ocrx_word' id='word_1_682' title='bbox 520 4285 630 4335; x_wconf 83' lang='lat' dir='ltr'><strong><em>Pintien.</em></strong></span> <span class='ocrx_word' id='word_1_683' title='bbox 650 4283 739 4348; x_wconf 88' lang='lat' dir='ltr'><strong><em>plures,</em></strong></span> <span class='ocrx_word' id='word_1_684' title='bbox 751 4301 805 4336; x_wconf 82' lang='lat' dir='ltr'><em>nos.</em></span> <span class='ocrx_word' id='word_1_685' title='bbox 829 4287 869 4336; x_wconf 92' lang='grc'><strong><em>97.</em></strong></span> <span class='ocrx_word' id='word_1_686' title='bbox 887 4282 988 4347; x_wconf 87' lang='lat' dir='ltr'><strong><em>lactuca,</em></strong></span> <span class='ocrx_word' id='word_1_687' title='bbox 999 4280 1028 4346; x_wconf 79' lang='grc' dir='ltr'><strong><em>β.</em></strong></span> <span class='ocrx_word' id='word_1_688' title='bbox 1051 4283 1117 4334; x_wconf 84' lang='grc'><strong>44414</strong></span> <span class='ocrx_word' id='word_1_689' title='bbox 1133 4282 1202 4346; x_wconf 90' lang='lat' dir='ltr'><strong><em>lonyo</em></strong></span> <span class='ocrx_word' id='word_1_690' title='bbox 1219 4281 1271 4332; x_wconf 87' lang='lat' dir='ltr'><strong><em>hir·</em></strong></span> 
     </span>
    </p>
   </div>
   <div class='ocr_carea' id='block_1_7' title="bbox 0 0 1466 4800">
    <p class='ocr_par' dir='ltr' id='par_1_10' title="bbox 0 0 1466 4800">
     <span class='ocr_line' id='line_1_59' title="bbox 0 0 1466 4800; baseline 0 0"><span class='ocrx_word' id='word_1_691' title='bbox 0 0 1466 4800; x_wconf 95' lang='lat' dir='ltr'><strong><em> </em></strong></span> 
     </span>
    </p>
   </div>
  </div>
 </body>
</html>
