2918 4800
425 342 494 388 am.
512 342 595 388 xxv.
627 340 705 388 car.
723 342 756 387 n.
787 340 884 388 sacr.
899 342 981 387 u-rn
1202 326 1261 390 143

141 493 202 569 vis,
230 490 390 558 radicibus
415 493 536 571 multis,
564 493 720 571 nervosis,
748 493 830 558 bene
852 492 1019 570 olentibus,
1042 545 1082 556 ..
1113 494 1163 557 71.
1185 493 1261 557 item
1277 509 1325 554 rar

139 593 253 659 alisma
281 616 377 678 quam
405 594 458 660 alii
485 595 710 673 damasonion,
746 593 800 659 alii
827 594 923 678 lyron
952 593 1125 678 appellant.
1170 592 1263 660 Folia

140 706 232 761 erant
252 695 460 784 plantaginis,
488 695 550 760 nisi
577 695 763 783 angustiora
791 705 898 760 essent
924 705 956 759 et
983 693 1087 783 magis
1108 693 1262 760 laciniosa

138 817 346 882 convexaque
375 797 409 860 in
438 808 571 874 terram,
601 795 679 863 alias
706 796 803 861 etiam
831 818 951 861 venosa
981 796 1142 872 similiter,
1170 797 1261 861 caule

138 897 275 983 simplici
304 909 336 963 et
363 899 466 975 tenui,
493 897 639 976 cubitali,
668 898 774 982 capite
801 896 920 982 thyrsi,
952 896 1114 963 radicibus
1141 896 1261 975 densis,

138 999 288 1065 tenuibus
309 1011 346 1065 ut
367 1000 487 1065 veratri
509 1000 605 1086 nigri,
633 999 771 1078 acribus,
800 999 953 1077 odoratis,
983 997 1159 1086 pinguibus
1166 1023 1175 1076 ;
1203 1022 1260 1063 na·

79 1136 81 1144 >
138 1101 238 1166 scitur
258 1100 293 1165 in
316 1103 454 1186 aquosis.
484 1099 633 1167 Alterum
656 1123 759 1186 genus
781 1100 924 1166 eiusdem
946 1102 979 1165 in
1002 1100 1101 1180 silvis,
1124 1101 1260 1186 nigrius,
1277 1115 1324 1162 125

137 1201 312 1268 maioribus
333 1203 427 1269 foliis.
452 1202 543 1268 Usus
564 1203 599 1266 in
621 1202 727 1266 radice
748 1202 915 1286 utriusque
937 1202 1093 1269 adversus
1114 1224 1208 1267 ranas
1230 1212 1262 1267 et

139 1303 264 1388 lepores
285 1303 426 1369 marinos
449 1303 619 1368 drachmae
641 1303 783 1390 pondere
804 1303 837 1367 in
859 1303 926 1368 vini
946 1314 1041 1390 potu3
1071 1305 1172 1388 lepon'
1192 1325 1261 1367 ma·
1347 1367 1352 1374 ,

137 1406 208 1470 rino
230 1406 419 1472 adversatur
441 1416 474 1470 et
496 1405 701 1490 cyclaminos.
724 1404 852 1472 Veneni
867 1404 932 1470 vim
948 1404 1037 1469 canis
1059 1427 1186 1490 quoque
1208 1427 1261 1470 ra·

137 1505 207 1571 bidi
233 1529 361 1572 morsus
389 1507 519 1586 hahent,
549 1517 659 1573 contra
688 1527 768 1590 quos
798 1506 857 1571 erit
885 1507 1097 1591 cynorrodon,
1128 1508 1168 1572 de
1197 1529 1261 1591 quo

139 1606 289 1673 diximus.
326 1609 487 1695 Plantago
516 1609 557 1672 ad
584 1608 689 1674 omnis
715 1608 891 1674 bestiarum
918 1630 1044 1673 morsus
1064 1620 1144 1695 pota
1165 1620 1262 1694 atquc

138 1708 230 1774 inlita
253 1710 395 1796 prodest,
418 1710 592 1776 Vettonica
613 1734 654 1775 ex
676 1732 763 1774 mero
786 1721 902 1775 vetere.

181 1813 231 1877 78.
261 1812 460 1878 Peristereos
487 1823 620 1878 vocatur
646 1811 737 1877 caule
764 1812 845 1889 alto,
878 1811 1002 1889 foliato,
1035 1811 1201 1878 cacumine
1227 1812 1261 1876 in
1277 1824 1324 1868 116

138 1910 217 1975 alios
239 1913 341 1979 caulis
364 1934 398 1978 se
414 1932 582 2000 spargens,
605 1913 761 1979 columbis
783 1913 955 1978 admodum
977 1913 1154 1990 familiaris,
1176 1913 1261 1977 unde

137 2022 171 2076 et
192 2035 324 2091 nomen3
347 2014 430 2080 hanc
451 2015 601 2080 habentis
622 2025 743 2102 negant
764 2014 874 2078 latrari
897 2037 915 2077 a
936 2013 1081 2079 canibus.

180 2115 230 2180 19.
258 2115 423 2182 Proxuma
444 2117 495 2182 his
517 2118 608 2182 malis
636 2138 759 2181 venena
787 2128 862 2180 sunt
883 2137 967 2198 quae
991 2114 1180 2199 sibimetipsi
1202 2113 1260 2179 ho·
1276 2124 1323 2172 127

138 2217 239 2282 mines
262 2219 454 2305 excogitant.
493 2216 616 2284 Contra
637 2217 715 2283 haec
737 2217 843 2282 omnia
873 2218 1079 2302 magicasque
1101 2215 1179 2280 artis
1201 2216 1262 2280 erit

137 2318 275 2404 primum
295 2319 375 2383 illud
391 2319 601 2385 Homericum
622 2319 719 2404 moly,
743 2319 817 2384 dein
831 2318 1035 2383 Mithridatia
1057 2328 1089 2383 et
1105 2317 1260 2383 scordotis

139 2431 172 2485 et
193 2421 507 2486 centaurium..Potu
522 2422 629 2488 omnia
649 2420 733 2484 mala
753 2420 986 2485 medicamenta
1008 2419 1111 2507 exigit
1132 2442 1192 2504 per
1213 2421 1260 2485 al·

139 2544 212 2588 vom
227 2521 419 2588 Vettonicae
434 2545 544 2588 semen
558 2523 591 2587 in
606 2523 708 2587 mulso
723 2533 779 2586 aut
793 2544 889 2606 passo
905 2523 955 2586 vel
970 2521 1094 2586 farinae
1109 2521 1261 2586 drachma

138 2623 171 2688 in
194 2624 260 2688 vini
283 2624 399 2690 veteris
421 2623 546 2708 cyathis
568 2647 620 2699 1v3
643 2645 771 2688 vomere
794 2624 930 2711 cogendi
952 2636 1048 2708 atque
1070 2623 1260 2689 iterum⁸bi·

139 2725 224 2790 bere.
249 2724 294 2790 lis
315 2726 370 2809 qui
392 2725 506 2790 cotidie
528 2734 660 2812 gustent
682 2747 752 2789 eam
774 2725 867 2789 nulla¹
883 2725 1031 2790 nocitura
1051 2725 1136 2790 mala
1157 2723 1259 2789 medi·
1275 2735 1322 2781 128

140 2838 284 2900 camenta
311 2826 452 2891 tradunt.
488 2826 570 2891 Poto
597 2849 719 2891 veneno
747 2825 949 2891 aristolochia
976 2826 1127 2893 subvenit
1148 2826 1261 2892 eadem

172 3035 256 3096 5124.
275 3032 607 3096 alisma‚Dicscor.3,159.
630 3033 725 3095 alcima,
738 3035 822 3086 VRd.
847 3075 877 3083 -
901 3033 1063 3094 dommoruna,
1075 3034 1191 3086 Dioscor.
1215 3031 1259 3080 da·

138 3101 236 3161 marion,
249 3101 333 3152 VRd.
361 3142 385 3149 -
415 3111 485 3150 erant
498 3101 656 3166 plantaginis,
668 3104 743 3152 codd.
756 3102 814 3152 Gel.
828 3101 909 3163 foliae
923 3100 1079 3167 plantaqinia,
1092 3098 1151 3152 911.
1167 3099 1259 3163 foliae

136 3166 290 3232 plantaginis,
303 3171 334 3219 11.
349 3167 418 3232 folia
434 3169 607 3233 optantayine,
620 3171 674 3219 Td.
687 3169 757 3234 solia
774 3169 798 3218 ei
811 3167 965 3232 pbntoyinia
978 3171 1010 3219 K.
1028 3171 1144 3232 Vulgata
1159 3169 1259 3231 egregie

139 3235 280 3286 detenditur
292 3238 427 3287 simillimis
438 3238 513 3288 Plinii
527 3237 601 3287 locis:
618 3253 660 3286 nec
672 3236 819 3285 deerat..ai
829 3235 910 3285 liberet
922 3243 962 3297 29,
976 3242 1025 3297 29,
1044 3235 1105 3284 idem
1118 3233 1260 3284 crat-nim*

139 3301 320 3368 distingueretur
332 3311 372 3365 29,
386 3310 435 3363 86,
451 3312 544 3354 erat..
558 3305 585 3353 ni
599 3312 715 3369 oporteret
727 3309 767 3364 37,
783 3309 830 3364 16,
847 3311 901 3352 erat
916 3302 964 3352 nisi
980 3311 1039 3362 ascet
1053 3311 1092 3365 18,
1105 3309 1145 3353 96.
1164 3310 1205 3364 21,
1217 3309 1258 3353 95.

141 3371 196 3421 1443
210 3376 249 3432 27,
263 3379 312 3433 211,
331 3372 473 3421 erat-nbi
483 3380 558 3420 essent
570 3379 593 3433 8,
609 3378 673 3432 120,
691 3379 750 3431 erat,
767 3370 794 3419 ni
804 3371 935 3420 conveniret
946 3377 984 3432 12,
997 3377 1044 3432 51,
1057 3378 1118 3431 erat,
1130 3371 1157 3419 ni
1168 3377 1261 3435 cogeret

141 3444 179 3499 16,
194 3446 224 3499 1.,
242 3447 302 3500 erat,
319 3439 367 3489 nisi
378 3438 475 3488 habaet
487 3446 527 3501 20,
542 3445 591 3494 59..
609 3447 669 3500 erat,
685 3440 708 3487 ai
718 3438 813 3488 hahent
825 3445 865 3501 22,
879 3444 929 3498 81,
946 3439 970 3487 ai
979 3439 1072 3488 minora
1083 3447 1166 3498 essent,
1178 3437 1259 3487 vitium

136 3514 247 3569 poterant
263 3506 340 3556 videri
357 3513 396 3568 12,
414 3513 454 3558 38.
483 3549 513 3556 ..
541 3524 634 3569 venosa,
651 3509 755 3558 Barbur.
773 3508 836 3558 1111.
863 3523 985 3568 venenosa,
1002 3510 1026 3557 d.
1054 3549 1085 3556 ..
1112 3504 1215 3570 simplici
1228 3513 1258 3567 et,

139 3574 241 3625 Barbar.
259 3574 404 3639 simpliciter,
416 3577 528 3627 VRTd.
548 3617 578 3624 ..
597 3575 696 3637 atridas,
709 3576 740 3625 R.
884 3635 886 3640 ,

172 3644 256 3705 5125.
275 3643 333 3701 eius,
347 3645 370 3693 d.
395 3686 425 3694 -
458 3642 527 3704 (aas,
540 3647 563 3693 d.
581 3642 612 3693 In
628 3645 765 3704 aava.
781 3632 820 3693 Χ-
844 3643 895 3693 vini
908 3644 1040 3707 pota‚Rd.
1063 3642 1113 3691 vini
1125 3649 1214 3706 potum,
1225 3643 1259 3692 V.

138 3709 191 3758 vino
200 3718 289 3774 potam,
301 3714 333 3762 T.
358 3754 389 3761 ..
415 3711 498 3775 lepore,
510 3713 544 3762 V.
568 3754 598 3762 .-
623 3710 773 3777 cyclaminus,
786 3713 811 3761 d.
836 3753 866 3761 -
890 3712 1025 3768 caniaom.
1038 3711 1069 3760 R.
1092 3752 1123 3761 -
1147 3708 1259 3775 cynmbo·

138 3775 201 3837 dum,
214 3778 284 3828 11...
296 3777 397 3828 dabimus
409 3783 423 3844 §
438 3785 476 3831 17.
491 3785 529 3829 18.
541 3821 570 3829 -
582 3778 622 3838 ad,
635 3781 667 3829 V.
680 3787 703 3828 et
714 3778 755 3840 ad,
771 3774 918 3831 ORTd.-
929 3777 1015 3842 adque,
1027 3779 1060 3828 V.
1068 3820 1098 3827 ..
1106 3777 1212 3843 prodeat,
1224 3778 1258 3828 V.

139 3846 290 3896 Ominltc.
319 3888 350 3896 -
385 3847 503 3905 Vetonico,
519 3849 551 3898 11.
582 3847 714 3909 Vectonica,
732 3851 756 3898 d.
785 3887 815 3897 -
843 3863 872 3896 ea
887 3863 958 3910 mero,
976 3848 999 3896 d.
1026 3862 1127 3909 aemam,
1144 3848 1207 3898 VR.
1227 3888 1257 3896 -

138 3921 221 3974 vetere,
237 3908 376 3965 81111Τά.
395 3915 474 3975 ueteri,
487 3910 516 3976 β.

171 3984 256 4045 5126.
279 3982 433 4043 Ρενίειενεοε,
450 3984 654 4044 vincennam.
678 4024 709 4032 ..
737 3982 797 4031 alios
813 3981 901 4043 caum,
917 3983 971 4032 Rd.
997 3981 1046 4032 alio
1062 3980 1136 4045 caule,
1154 3984 1180 4034 V
1200 3980 1257 4044 (scd

137 4049 222 4099 littera
233 4066 245 4096 r
257 4048 348 4112 erasa).
370 4091 399 4099 -
418 4049 484 4111 hoec,
496 4050 529 4099 V.
548 4090 579 4099 -
598 4058 690 4109 amant,
702 4051 732 4099 11.

172 4115 186 4177 ξ
201 4120 256 4167 117.
279 4117 323 4177 na,
336 4117 422 4168 VRd.
444 4117 476 4164 ab
493 4115 537 4177 tis,
554 4111 582 4177 β.
611 4159 654 4183 ..,
669 4115 834 4175 Mithridatia,
846 4118 929 4168 vRu.
956 4116 1135 4181 Mitridoeion,
1147 4116 1197 4184 βγ.
1225 4160 1256 4169 -

137 4183 297 4248 eticordoti33
323 4201 370 4250 pro
384 4186 423 4235 his
440 4200 479 4235 vv.
496 4185 591 4235 habent
606 4170 749 4233 descordotis
761 4186 823 4246 VR,
850 4184 996 4236 descordotec
1012 4188 1036 4236 d.
1064 4229 1094 4237 ..
1121 4187 1257 4248 ceraunon,

137 4252 221 4301 vna
242 4294 271 4302 ..
290 4251 359 4315 rnale,
372 4253 433 4302 VR.
454 4294 484 4302 ..
503 4250 573 4317 erici,
586 4252 647 4302 VR.
667 4294 698 4303 -
709 4251 809 4315 scritta,
821 4254 905 4304 VRd.

171 4318 186 4379 ξ
201 4325 256 4370 128.
274 4318 317 4382 lio,
334 4323 365 4372 R.
388 4319 444 4381 Hir,
461 4320 515 4372 Vri
535 4361 565 4370 ..
584 4318 673 4370 nullam
690 4320 829 4384 nocituram
845 4322 879 4372 V.
