2918 4800
457 899 511 1002 C.
547 898 719 1002 PLlNl
756 898 1042 1003 SECUNDI
1365 1032 1368 1037 Ι

241 1152 727 1273 NATURALIS
772 1153 1236 1275 mercatus
1290 1117 1298 1125 ’
1353 1074 1356 1078 ’

598 1400 746 1476 LIBER
771 1401 890 1478 XXV.

231 1774 316 1844 OAP.
337 1778 364 1843 I.
394 1776 499 1844 Saos.
517 1781 546 1843 1.
569 1745 651 1865 ipsa
672 1799 755 1867 quae
781 1799 868 1847 nunc
895 1777 1020 1843 dicetur
1044 1775 1217 1842 herbarum
1240 1775 1334 1858 elaea
1354 1798 1367 1842 1

185 1877 273 1959 ritas,
296 1879 473 1946 medicinae
488 1890 611 1946 tantum
626 1881 781 1968 gignente
796 1901 850 1945 eas
865 1879 988 1958 tellure,
1010 1878 1045 1942 in
1055 1876 1306 1970 admirationem

219 2035 263 2085 Ad
274 2035 342 2087 hunc
353 2037 446 2088 librum
457 2038 506 2088 toti
517 2046 576 2089 sunt
588 2039 688 2089 excussi
698 2039 755 2089 VR
767 2034 866 2100 (rursus
877 2036 1000 2100 incipiens
1011 2052 1027 2086 a
1038 2037 1053 2100 ς
1065 2033 1120 2098 ³0.)
1132 2037 1180 2096 ad;
1195 2035 1223 2083 in
1231 2034 1308 2084 VRd

186 2103 334 2155 exciderunt
348 2108 379 2170 ξς
392 2110 500 2157 38-41.
526 2108 618 2157 Paucis
635 2107 710 2156 huius
726 2106 783 2156 libri
800 2104 966 2170 paragraphis
982 2101 1037 2165 (12.
1052 2109 1090 2154 18.
1105 2108 1144 2153 14.
1159 2108 1198 2152 19.
1212 2107 1252 2152 20.
1265 2106 1307 2150 21.

186 2174 227 2220 22.
240 2176 280 2221 23.
294 2179 333 2223 30.
347 2179 389 2222 31.
401 2171 456 2234 82.)
473 2189 534 2224 usus
552 2191 608 2224 sum
625 2175 777 2225 lectionibus
794 2174 888 2222 codicis
905 2169 1054 2232 sessoriani,
1074 2173 1105 2220 de
1123 2185 1173 2234 quo
1191 2170 1217 2218 h.
1229 2170 1248 2218 l.
1266 2183 1308 2218 ac-

185 2240 296 2288 curatius
313 2254 396 2302 agam,
414 2255 468 2290 non
485 2244 555 2304 quod
571 2257 693 2304 maguum
711 2257 744 2290 ex
760 2257 791 2290 eo
808 2243 907 2290 lucrum
919 2239 1030 2299 tulerim,
1048 2241 1093 2288 sed
1104 2247 1133 2287 ut
1144 2237 1206 2302 quid
1217 2239 1249 2287 de
1260 2237 1307 2286 illo

184 2306 263 2368 libre,
285 2308 328 2370 qui
350 2323 457 2371 magnas
475 2310 514 2358 sui
532 2310 735 2373 exspectationes
753 2309 918 2369 excitaverat,
940 2308 972 2357 sit
992 2308 1153 2356 statuendum
1171 2319 1308 2370 exponam.

185 2374 285 2423 Romae
303 2375 399 2424 seilicet
415 2377 443 2424 iu
459 2375 615 2427 bibliotheca
625 2376 773 2427 Sessoriana
788 2376 904 2425 coenobii
922 2375 967 2425 Sta
980 2372 1062 2425 Croce
1077 2375 1105 2423 in
1117 2372 1308 2424 Gerusalemme

186 2450 329 2491 asservatur
346 2445 427 2492 codex
445 2445 547 2505 saeculi,
565 2444 603 2493 uti
619 2443 736 2506 Angelus
747 2443 831 2494 Maius
848 2443 929 2507 spicil.
947 2444 1023 2492 Rom.
1036 2442 1070 2491 V.
1082 2457 1107 2505 p.
1120 2447 1179 2492 289.
1193 2448 1308 2500 testatur,

186 2508 252 2558 sexti
270 2509 339 2559 varia
356 2511 450 2574 scripta
460 2512 590 2574 patriotica
605 2512 744 2573 continens,
760 2511 827 2560 unde
839 2511 969 2561 Ambrosii
982 2509 1108 2560 orationes
1119 2510 1217 2573 aliquot
1228 2507 1308 2556 inedi-

186 2583 226 2625 tas
242 2576 377 2627 Leonardo
395 2579 434 2626 de’
451 2578 569 2642 Corrieri,
588 2578 729 2643 praefectus
746 2586 801 2628 tum
819 2579 939 2642 temporis
957 2578 1026 2627 illius
1043 2578 1223 2637 bibliothecae,
1241 2589 1309 2624 auno

189 2648 262 2695 1884.
280 2646 366 2695 edidit.
392 2647 441 2696 Hic
459 2650 549 2709 codex,
567 2649 594 2697 id
611 2651 681 2711 qaod
697 2649 736 2698 vir
750 2648 795 2697 illc
812 2650 901 2697 doetus
919 2645 1103 2706 animadvertit,
1122 2660 1156 2694 ex
1171 2644 1309 2709 palimpse-

187 2717 283 2761 storum
301 2727 406 2762 numero
425 2715 523 2778 aliquot
538 2714 681 2778 fragmenta
696 2715 819 2766 naturalis
836 2713 959 2764 historiae
975 2713 1053 2763 Plinii
1070 2714 1190 2774 continet,
1209 2713 1240 2761 de
1258 2725 1309 2773 quo

186 2780 291 2830 inuento
309 2781 419 2843 primum
439 2784 581 2834 retulerunt
598 2783 683 2834 Blum.
701 2784 728 2832 in
749 2784 838 2833 itinere
855 2782 946 2832 Italico
964 2781 1013 2830 ΙΠ.
1032 2797 1056 2844 p.
1076 2785 1145 2840 154„
1167 2779 1223 2829 Ian.
1241 2779 1310 2828 obas.

188 2848 242 2898 crit.
260 2848 287 2896 in
298 2849 375 2898 Plinii
392 2858 475 2899 natur.
488 2851 546 2901 hist.
558 2867 583 2916 p.
597 2856 637 2902 lo.
656 2858 681 2901 et
691 2851 795 2903 Preller.
812 2851 840 2900 in
857 2850 953 2901 diurnis
963 2849 1109 2913 antiquariis
1123 2851 1196 2898 1847.
1211 2861 1255 2897 no.
1268 2850 1309 2896 26.

187 2930 212 2978 p.
226 2919 283 2966 205.
301 2915 357 2966 Iam
375 2930 434 2967 eum
451 2918 502 2968 alio
520 2920 620 2983 alioque
637 2927 753 2983 ternpore
769 2919 820 2969 hoc
837 2918 967 2968 inventum
985 2918 1011 2966 in
1028 2932 1103 2967 usum
1116 2931 1202 2965 meum
1213 2922 1310 2965 vertere

188 2991 294 3033 conatus
312 2985 414 3048 quidem
431 2986 497 3034 nihil
513 2993 599 3037 tamen
616 2986 787 3051 profecissem,
805 2988 873 3036 unde
890 2985 987 3036 factum
999 2992 1045 3044 est,
1062 2992 1091 3033 ut
1108 2983 1134 3032 in
1151 2983 1311 3048 praefatione

187 3049 322 3102 voluminis
340 3053 414 3117 primi
431 3054 496 3103 nihil
513 3056 544 3104 de
561 3054 612 3105 illis
629 3054 777 3118 fragmentis
798 3061 828 3103 ut
851 3055 882 3103 de
899 3053 1053 3118 quibusdam
1069 3051 1127 3102 aliis
1144 3053 1218 3101 rebus
1236 3049 1310 3101 affer-

187 3134 254 3181 rem,
274 3122 305 3170 de
322 3120 353 3172 iis
370 3128 470 3173 tantum
486 3122 607 3186 loquens,
626 3124 657 3172 de
675 3123 766 3186 quibus
784 3122 845 3172 certi
863 3121 959 3184 aliquid
976 3127 1053 3183 atque
1070 3120 1196 3183 explorati
1213 3120 1240 3168 iu
1257 3132 1310 3167 me-

186 3188 256 3238 dium
274 3188 387 3251 prolerre
405 3205 514 3255 possem,
531 3205 612 3256 nuper
629 3192 731 3241 demum
747 3191 825 3253 idque
836 3189 973 3239 iustissimo
986 3195 1102 3250 tempore
1113 3188 1168 3236 voti
1179 3187 1228 3236 mei
1241 3201 1310 3235 com·

186 3271 233 3319 pos
251 3272 308 3306 sum
325 3255 414 3308 lactus.
431 3258 473 3309 Ac
489 3261 600 3324 primum
618 3259 721 3323 quidem
738 3258 863 3308 Hemicus
874 3256 950 3317 Keil,
968 3256 1007 3305 uir
1020 3255 1224 3316 litteratissimus,
1241 3255 1310 3303 ultro

187 3339 287 3375 mecum
305 3341 405 3375 summa
421 3341 478 3376 sum
496 3329 617 3377 comitate
634 3342 687 3377 non
705 3327 790 3376 solum
809 3326 966 3375 accuratiora
982 3326 1013 3374 de
1029 3321 1075 3372 illo
1092 3324 1178 3373 codice
1196 3335 1311 3371 commu-

186 3392 293 3453 nicavit,
314 3408 402 3443 verum
424 3394 501 3444 etiam
518 3410 584 3458 quae
600 3395 655 3458 ipse
671 3395 846 3446 brevissimum
867 3397 945 3443 modo
963 3400 1062 3454 tempus
1079 3391 1169 3440 inille
1187 3391 1311 3440 coenobio

187 3467 359 3512 commoratus
376 3462 461 3522 legere
478 3464 602 3525 potuisset
618 3462 857 3513 benevolentissime
872 3461 935 3509 mihi
947 3459 1068 3524 permisit
1086 3459 1169 3517 Paulo
1181 3467 1241 3522 post
1251 3473 1311 3507 vero

186 3529 341 3579 Bethmann.
359 3529 386 3577 in
404 3528 619 3577 Monatsbero'cdtan
637 3528 679 3578 der
696 3527 796 3594 Kb'nipl.
810 3526 981 3578 Preusszscden
998 3523 1132 3574 Akademo'e
1149 3524 1193 3574 der
1208 3525 1311 3578 Wc'ascn·

187 3594 295 3658 sebastea
313 3595 337 3645 in
354 3594 441 3646 Berlin
458 3594 535 3646 1853.
552 3611 577 3661 p.
595 3602 745 3647 684-698.
769 3600 801 3647 de
822 3597 868 3645 illo
892 3596 979 3646 codice
1001 3594 1189 3644 accuratissime
1207 3596 1238 3643 ab
1256 3593 1312 3656 ipso

188 3665 323 3727 explorato
341 3671 394 3713 tam
411 3665 487 3728 plene
505 3679 581 3727 quam
599 3667 674 3715 docte
690 3663 776 3715 retulit
793 3673 819 3714 et
835 3671 936 3727 praeter
953 3663 1098 3725 exemplum
1116 3662 1193 3725 ipsius
1205 3661 1312 3724 scriptu-

188 3746 232 3780 rae
243 3732 330 3781 omnia
342 3731 445 3781 illarum
456 3733 672 3796 paragraphoruru
685 3733 771 3792 verba,
788 3745 854 3794 quae
867 3732 1007 3781 etiamnum
1018 3730 1069 3791 legi
1080 3736 1194 3793 possunt,
1213 3743 1313 3778 summa

188 3813 246 3847 cum
271 3799 322 3848 fide
348 3799 433 3850 edidit.
468 3801 584 3860 „Horum
610 3799 729 3850 foliorum
757 3800 802 3849 etsi
826 3814 856 3848 ea
878 3800 1015 3862 antiquitas
1037 3805 1088 3857 est,
1115 3811 1192 3860 quam
1212 3797 1313 3858 nullum

189 3867 302 3915 omnium
325 3874 453 3931 quotquot
475 3876 577 3919 exstant
593 3868 670 3918 Plinii
693 3868 810 3916 codicum
828 3881 938 3929 aequare
956 3874 1052 3916 certum
1070 3865 1110 3924 sit,
1132 3880 1227 3927 paucas
1245 3865 1313 3912 intra

188 3934 269 3982 lineae
296 3940 369 3982 tanta
391 3937 486 3985 menda
507 3951 568 3998 prae
592 3951 619 3985 se
641 3936 738 3996 ferunt,
760 3941 790 3983 ut
811 3935 1056 3997 negligentissimum
1079 3933 1212 3982 librarium
1234 3931 1313 3981 luisse

187 4001 397 4064 cognoscamus.”
426 4001 456 4054 C.
473 4004 528 4054 PR.
546 4004 658 4054 HERM.
676 4004 703 4053 iu
720 4003 834 4053 vindiciis
851 4002 1022 4053 Iuvenalianis
1040 4000 1179 4063 Gottingae
1196 4017 1219 4050 a.
1239 4005 1312 4051 1854.

188 4068 261 4119 editis
278 4084 303 4132 p.
323 4075 346 4118 5.

187 4228 194 4239 .
223 4189 273 4252 §L
299 4186 415 4252 pipnoneo,
432 4191 470 4239 ad
487 4186 573 4250 (codd.
587 4186 658 4251 Get.)
683 4164 808 4254 ppqne'iac,
820 4189 853 4239 V.
879 4231 908 4238 -
937 4186 1101 4249 admiratione,
1114 4188 1137 4237 d.
1160 4228 1189 4236 ,
1216 4200 1313 4249 quoque,
