2918 4800
196 269 239 332 60
551 285 755 332 nsrnnmrs
776 286 974 333 nrsronrsn

195 436 238 500 ad
259 435 429 502 mulierum
449 458 601 501 mammas
615 435 742 501 Bruttia
756 459 797 501 ex
811 437 886 500 vino
902 436 1138 504 subfervefacta
1159 462 1233 504 cum
1247 441 1319 526 pol-

196 537 261 604 line
282 537 418 604 fanacic
439 560 536 623 quam
557 537 761 604 calidissimis
781 539 941 625 inpositis.

239 641 291 704 24.
320 638 463 724 Liquido
483 639 541 726 pix
562 641 733 725 oleumque
755 642 843 724 quod
864 642 1045 728 pisselaeon
1067 652 1183 706 vocant
1204 664 1318 726 quem·
1334 664 1368 706 tc

195 740 368 807 admodum
387 741 480 806 fieret
501 741 642 807 diximus
648 766 658 818 ;
679 741 811 827 quidam
831 743 948 808 iterum
971 743 1127 808 decocunt
1150 754 1182 808 et
1202 755 1320 810 vocant

194 842 422 929 palimpissam.
444 842 588 928 Liquida
602 843 741 930 anginae
761 856 987 933 perunguntur
1007 846 1094 910 intus
1116 856 1149 910 et
1169 869 1243 910 uva.
1265 845 1321 909 Ad

194 943 320 1009 aurium
341 944 477 1022 dolores,
499 944 677 1009 claritatem
697 945 872 1024 oculorum,
895 946 961 1011 oris
976 946 1238 1023 circumlitiones,
1262 970 1318 1011 su·

195 1044 348 1131 spiriosas
379 1045 508 1124 volvas,
541 1046 656 1110 tussim
687 1056 828 1112 veterem
856 1057 889 1112 et
922 1045 1051 1112 crebras
1084 1048 1320 1113 exscreationes

193 1147 344 1233 pectoris,
366 1168 523 1232 spasmos,
550 1157 715 1226 tremores,
744 1148 978 1234 opisthotonos,
1004 1149 1175 1234 paralysis,
1201 1172 1319 1214 nervo-

193 1270 266 1313 rum
293 1249 430 1315 dolores.
478 1248 796 1314 Praestantissimum
824 1250 867 1312 ad
899 1273 1015 1315 canum
1040 1262 1072 1315 et
1106 1251 1319 1315 iumentorum

194 1346 346 1414 scabiem.

237 1449 289 1514 25.
318 1448 382 1514 Est
409 1461 441 1515 et
467 1450 700 1538 pissasphalton
727 1451 828 1516 mixta
854 1451 1005 1517 bitumini
1032 1451 1105 1538 pice
1133 1451 1319 1516 naturaliter
1332 1472 1361 1515 m

195 1572 237 1616 ex
258 1549 535 1636 Apolloniatarum
557 1575 645 1641 agro.
684 1550 826 1633 Quidam
854 1554 916 1640 ipsi
944 1553 1082 1618 miscent
1108 1553 1319 1639 praecipuum

194 1650 237 1715 ad
260 1651 398 1718 scabiem
420 1675 574 1739 pecorum
595 1655 772 1719 remedium
786 1666 842 1719 aut
856 1655 883 1719 si
906 1656 993 1719 fetus
1015 1677 1169 1720 mammas
1190 1654 1320 1719 laeserit

193 1762 341 1819 matrum.
375 1752 556 1842 Optumum
578 1778 618 1820 ex
641 1779 678 1821 eo
700 1756 787 1840 quod
809 1778 883 1821 cum
903 1757 1006 1821 fervet
1027 1756 1163 1821 innatat.

237 1856 288 1921 26.
311 1855 481 1942 Zopissam
502 1857 591 1923 eradi
611 1856 748 1922 navibus
769 1857 910 1923 diximus
925 1881 999 1923 cera
1017 1857 1140 1923 marino
1162 1857 1227 1922 sale
1248 1879 1318 1920 ma·

194 1968 316 2034 cerata;
343 1969 476 2045 optuma
501 1960 582 2025 haec
609 1983 627 2024 a
654 1959 799 2024 tirocinio
825 1960 972 2037 navium3
1001 1959 1130 2025 additur
1157 1969 1265 2024 autem
1286 1959 1319 2022 in

193 2061 386 2150 malagmata
407 2061 448 2126 ad
470 2060 688 2127 discutiendas
710 2061 922 2127 collectiones.

146 2200 149 2207 ·
246 2165 298 2228 27.
331 2162 444 2229 Taeda
471 2164 604 2230 decocta
629 2164 664 2228 in
691 2174 782 2229 aceto
815 2163 959 2229 dentium
993 2163 1119 2228 dolores
1147 2161 1320 2229 efficaciter

194 2266 357 2331 conluunt.

237 2367 289 2431 28.
311 2365 459 2432 Lentisci
482 2387 523 2431 ex
544 2365 658 2431 arbore
680 2376 712 2432 et
735 2388 844 2432 semen
866 2377 898 2432 et
913 2379 1024 2433 cortex
1047 2377 1080 2432 et
1099 2365 1233 2432 lacrirm
1255 2363 1319 2428 uri-
1333 2368 1365 2430 ia

229 2537 332 2599 Bruma,
344 2540 378 2590 V.
397 2580 428 2590 -
447 2556 477 2589 cc
488 2540 550 2601 vino,
562 2557 612 2591 om.
625 2557 648 2592 a.

229 2605 297 2666 540.
312 2605 375 2670 pice,
387 2609 420 2659 V.
439 2649 470 2658 ..
490 2607 559 2672 quod,
571 2612 614 2659 ad.
633 2626 659 2658 cc
671 2606 741 2673 quod,
754 2611 787 2661 V.
803 2651 834 2660 -
848 2609 993 2674 pisscclcon,
1006 2612 1039 2660 V.
1060 2651 1091 2659 ..
1109 2608 1210 2658 caino
1224 2613 1264 2669 16,
1278 2613 1318 2656 52.

198 2678 237 2734 15,
248 2680 288 2724 28.
310 2715 333 2723 -
355 2672 473 2738 decocunt,
483 2678 530 2725 V'.
555 2686 681 2741 quoquam,
693 2678 744 2728 V².
767 2677 905 2743 decoquunt,
920 2674 1012 2742 adssr.
1032 2678 1151 2729 Ceterum
1162 2693 1186 2726 v,
1200 2676 1318 2725 Dioscor.

198 2746 220 2804 1,
228 2744 268 2793 97.
279 2783 310 2792 -
318 2741 467 2808 palimpbca.
480 2745 537 2795 Vd
549 2786 579 2795 -
588 2744 639 2807 Ad,
651 2747 733 2796 omitt.
742 2748 856 2798 Vad-
866 2747 968 2807 aurium,
978 2748 1011 2796 V.
1024 2746 1110 2806 arium,
1120 2748 1164 2796 ad.
1177 2784 1209 2794 -
1219 2742 1320 2793 clarita·

197 2817 248 2871 tem,
265 2825 289 2860 a.
315 2807 429 2873 claritati,
445 2812 500 2863 Vd.
527 2854 559 2863 -
590 2813 738 2877 suspiriosas,
754 2808 836 2866 OVd.
862 2810 1075 2878 suspiriosam&
1099 2814 1187 2863 Verba
1202 2809 1319 2874 cuspinia-

195 2879 378 2942 oar-panna
387 2880 482 2930 omittit
491 2895 514 2929 a.
528 2882 686 2946 Suspiriosae
698 2884 788 2932 vulvae
797 2884 902 2933 eaedem
915 2898 970 2933 esse
982 2884 1105 2941 videntur,
1118 2896 1183 2945 quae
1195 2878 1320 2927 exanima-

197 2950 235 2994 tae
244 2945 361 2996 dicuutur
370 2954 473 3010 32.28.;
486 2949 577 2998 vulvae
589 2951 753 2999 conversionev
762 2951 910 3014 suffocantur
921 2951 1039 3000 mulieres
1049 2956 1091 3008 20,
1102 2955 1159 2999 238.
1172 2945 1321 3010 Suspiriosae

196 3027 256 3063 vero
273 3013 391 3065 homines
407 3016 516 3080 intelligi
533 3032 584 3067 non
599 3032 675 3080 posse
691 3020 775 3080 docet,
793 3021 860 3082 quod
876 3019 903 3068 in
919 3027 975 3068 toto
991 3017 1115 3067 hocloco
1131 3015 1219 3075 morbi,
1237 3028 1321 3077 neque

197 3080 313 3132 homines
324 3082 469 3134 laborantes
481 3095 721 3135 commemorantur.
735 3127 766 3134 -
780 3093 896 3146 memoras,
909 3103 932 3136 a.
952 3084 1065 3145 uenales,
1077 3086 1111 3135 V.
1130 3081 1321 3142 tremulano...

196 3146 289 3199 doleres
298 3150 515 3214 praestantissima,
532 3159 555 3200 et
567 3151 602 3200 ad
618 3168 702 3201 canum
715 3152 921 3217 iumentorumque,
934 3155 967 3204 Κ.
985 3154 1029 3204 Uti
1042 3154 1106 3202 haec
1119 3152 1242 3215 scriptura
1254 3158 1321 3199 certe

197 3226 235 3268 est
247 3219 416 3283 interpolatio,
435 3221 471 3270 ita
486 3235 539 3269 non
555 3221 640 3270 minus
652 3229 748 3271 certum
760 3223 842 3271 multa
853 3222 880 3271 in
893 3222 942 3270 hac
954 3221 1115 3285 paragrapho
1128 3234 1183 3270 esse
1195 3226 1320 3280 corrupta.

197 3284 263 3338 Cum
279 3288 347 3336 enim
363 3288 461 3337 Plinius
479 3296 554 3338 antea
570 3291 808 3339 commemoraverit
824 3289 948 3352 liquidam
965 3291 1046 3352 picem
1063 3297 1088 3338 et
1104 3287 1254 3352 pisselaeon,
1270 3285 1321 3349 pri-

197 3368 268 3404 mum
280 3357 311 3404 de
323 3355 454 3411 medicinis
465 3355 577 3420 liquidae
593 3357 655 3421 picis
673 3356 734 3420 agit,
749 3360 780 3407 de
797 3358 920 3421 pisselaeo
938 3364 1018 3419 tacet;
1037 3363 1265 3405 commemoratum
1283 3361 1321 3402 ta·

196 3436 256 3471 men
273 3423 299 3472 id
316 3422 394 3473 fuisse
413 3424 488 3472 docet
505 3425 658 3474 adiectivum
674 3423 917 3486 Praestantissimum,
939 3426 1006 3474 unde
1029 3432 1133 3487 apparet
1155 3423 1229 3486 plura
1244 3421 1322 3470 verba

197 3488 330 3549 excidisse,
347 3490 440 3554 quibus
457 3492 602 3554 pisselaeon
614 3493 800 3542 nominabatur.
818 3493 876 3544 Huc
888 3493 992 3553 accedit,
1006 3494 1082 3554 quod,
1096 3492 1148 3541 sive
1160 3506 1219 3540 cum
1229 3485 1272 3552 βγ
1284 3489 1321 3537 le·

196 3557 279 3620 girum
291 3555 326 3605 ad
336 3557 429 3606 auriam
442 3556 542 3620 dolores,
554 3559 606 3608 sive
617 3573 675 3608 cum
688 3561 760 3609 codd.
773 3561 865 3609 aurirm
878 3558 977 3620 dolores,
990 3561 1055 3609 haec
1065 3560 1142 3608 verba
1152 3573 1205 3608 non
1218 3557 1321 3615 habent,

196 3627 264 3674 unde
276 3628 410 3689 pendeant.
429 3625 524 3686 Qualia
535 3634 621 3675 autem
634 3626 687 3685 illu,
705 3643 770 3691 quae
782 3629 939 3687 exciderunt,
956 3627 1008 3677 lere
1019 3627 1121 3686 luerint,
1139 3628 1250 3675 divinare
1261 3639 1321 3688 pos-

198 3707 284 3807 pumps
296 3709 329 3808 px
340 3694 494 3744 Dioscorida
507 3699 529 3755 l,
543 3698 593 3755 96..
605 3694 649 3757 qui
660 3694 706 3744 ait:
730 3694 804 3744 ποιεῖ
813 3692 846 3744 δὲ
864 3692 908 3758 (τὸ
921 3689 1088 3757 nicotiana)
1100 3690 1172 3759 πρὸς
1183 3690 1235 3741 ὅσα
1246 3687 1291 3740 καὶ
1303 3689 1321 3755 ἡ

214 3773 248 3823 ΥΡ
280 3775 298 3809 π
363 3795 369 3809 ·

233 3824 300 3887 §⁴l.
317 3827 470 3892 pbaspaltos,
482 3828 516 3878 V.
538 3827 703 3892 pissamaltoa
715 3832 739 3880 d.
761 3831 802 3881 De
819 3832 991 3895 pissasphalto
1008 3847 1030 3880 v.
1042 3831 1160 3880 Dioscor.
1179 3833 1271 3888 1‚100.
1290 3867 1321 3879 ..

200 3892 313 3956 bitumini,
326 3912 349 3946 a.
367 3896 493 3957 bituminis,
505 3897 561 3947 Vd.
581 3928 621 3947 -·
635 3895 852 3960 Apolloniatarum,
868 3892 996 3950 Ovum.
1014 3896 1230 3962 Apollionatarum,
1241 3890 1270 3956 β.
1289 3935 1322 3944 .-

199 3959 413 4014 lacseritmatrum.
435 3964 559 4029 Optimum,
568 3966 601 4016 K.
620 3963 722 4015 haeserit.
741 3965 865 4016 Maturum
877 3967 995 4031 optimum,
1005 3960 1127 4027 Vadssr.
1147 3962 1249 4012 laeserit.
1267 3961 1323 4013 Na-

200 4027 276 4078 turale
288 4029 405 4092 optimum,
417 4033 521 4083 Barbar.
542 4075 572 4083 -
591 4032 675 4094 feruet
690 4033 792 4096 innatat,
804 4051 827 4084 a.
846 4034 945 4096 fervent
956 4033 1073 4093 innatant,
1090 4033 1144 4082 Vd.
1167 4028 1231 4094 quod
1245 4045 1323 4094 aquae

191 4096 302 4162 feruenti
317 4095 418 4159 innatat,
430 4101 462 4150 K.
485 4141 516 4150 -
544 4100 648 4150 dicimus
662 4107 701 4164 16,
715 4108 755 4153 56.
774 4104 834 4152 coll.
847 4104 965 4152 Dioscor.
986 4109 1007 4164 1,
1026 4107 1066 4151 98.
1090 4141 1122 4149 ..
1149 4097 1190 4160 ad,
1208 4101 1282 4149 Vad·
1301 4105 1324 4145 el

200 4164 243 4227 ad,
254 4166 286 4215 K.
312 4206 342 4215 -
374 4163 586 4228 Tedadaocrar.
614 4168 681 4220 Teda
696 4169 856 4234 decoctaeque,
869 4171 902 4221 V.
929 4167 990 4219 Tcdc
1006 4167 1098 4218 decocta
1115 4184 1180 4230 eque,
1197 4168 1229 4217 T.
1257 4163 1323 4217 Teda

201 4264 292 4317 damn
304 4283 368 4330 equa,
380 4269 403 4318 d.
422 4265 472 4318 dete
485 4239 631 4335 acaciique,
644 4288 666 4322 s.
689 4269 769 4322 Tedae
780 4269 897 4333 decoctm,
908 4266 938 4331 β.
958 4312 987 4320 ..
1006 4268 1107 4330 coluunt,
1119 4269 1151 4318 V.
