2918 4800
203 307 242 370 68
554 320 757 368 aarunanis
780 320 976 368 fflsronmn

203 474 417 561 stranguriam
446 484 579 537 utuntur
609 473 739 538 semine.
783 470 919 538 Genista
951 486 1045 537 tunsa
1076 495 1161 537 cum.
1183 473 1325 557 axungia

201 598 307 664 genua
329 573 468 638 dolentia
491 585 592 637 sanat.

243 680 295 741 41.
317 676 475 761 Myricen,
498 696 595 759 quam
618 674 735 739 ericam
755 687 881 752 vocant,
903 674 1054 740 Lenaeus
1069 674 1203 740 similem
1219 676 1326 762 scopis
1339 692 1370 739 ot

200 777 362 844 Amerinis
369 800 378 852 ;
403 775 509 841 sanari
531 775 611 841 dicit
633 799 671 840 ea
693 775 907 841 carcinomata
928 777 963 840 in
985 776 1059 841 vino
1082 777 1214 842 decocta
1232 777 1324 841 trita·

199 903 261 964 que
289 903 362 945 cum
392 877 483 942 melle
510 876 619 953 inlita;
637 891 683 940 “-
707 877 842 942 eandem
871 899 942 942 esse
970 877 1167 942 arbitrantur
1194 879 1325 962 quidam

200 981 390 1057 tamaricem
420 1033 459 1042 ..
488 978 546 1043 sed
573 978 615 1041 ad
640 978 755 1043 lienem
783 979 956 1064 praecipua
987 989 1046 1057 est,
1078 979 1105 1043 si
1135 1001 1233 1043 sucus
1255 978 1324 1043 eius

199 1104 374 1168 expressus
395 1081 428 1143 in
450 1079 527 1144 vino
548 1078 697 1157 bibatur3
728 1080 872 1163 adeoque
902 1078 1082 1144 mirabilem
1104 1079 1173 1144 eius
1195 1081 1323 1164 antipa-

199 1183 288 1246 thian
310 1191 420 1246 contra
443 1178 546 1245 solum
567 1181 627 1245 hoc
648 1181 809 1246 viscerum
831 1180 952 1246 faciunt
972 1192 1009 1246 ut
1031 1180 1210 1259 adfirment,
1235 1181 1261 1245 si
1283 1204 1324 1244 ex

200 1307 238 1349 ea
260 1283 360 1347 alveis
381 1282 475 1346 factis
496 1281 610 1347 bibant
632 1305 706 1347 sues
729 1281 797 1347 sine
818 1283 901 1348 liene
923 1281 1071 1348 inveniri.
1104 1283 1150 1347 Et
1170 1282 1244 1347 idco
1265 1283 1323 1347 ho·
1338 1300 1369 1346 aa

200 1384 278 1448 mini
299 1406 425 1467 quoque
449 1383 592 1468 splenico
615 1384 721 1450 cibnm
748 1395 923 1470 potumque
952 1383 1028 1448 dant
1056 1383 1091 1448 in
1118 1385 1204 1450 vasis
1225 1407 1265 1448 ex
1288 1407 1325 1448 ea

200 1486 308 1562 faotis3
336 1485 444 1573 gravis
473 1496 578 1550 autem
608 1497 721 1550 auctor
747 1487 782 1549 in
807 1486 966 1551 medicina
996 1486 1121 1574 virgam
1150 1509 1191 1550 ex
1213 1486 1326 1550 eadem

200 1590 345 1664 fractam,
368 1599 403 1651 ut
423 1609 527 1670 neque
550 1601 669 1651 terram
689 1609 749 1652 nec
771 1587 893 1652 serrum
909 1587 1092 1676 attingeret,
1116 1588 1229 1652 sedare
1246 1611 1324 1653 ven-

201 1690 260 1754 tris
289 1688 413 1754 dolores
442 1688 646 1753 adseveravit
676 1689 848 1776 inpositam
876 1690 922 1753 ita
953 1699 989 1753 ut
1019 1689 1127 1753 tunica
1154 1688 1326 1772 cinctuque

201 1791 326 1877 corpori
341 1790 586 1876 adprimeretur.
609 1790 736 1877 Volgus
751 1790 913 1856 infelicem
928 1791 1076 1856 arborem
1092 1813 1162 1856 eam
1174 1792 1325 1877 appellat,

200 1904 236 1957 nt
257 1893 408 1971 diximus
431 1891 581 1975 quoniam
604 1891 682 1957 nihil
704 1893 785 1957 ferat
807 1916 866 1957 nec
889 1906 1197 1976 seraturumquam.

242 1997 294 2058 42.
320 1991 495 2059 Corinthus
517 2005 549 2058 et
571 2015 654 2077 quae
669 1994 818 2059 circaest
835 1992 973 2059 Graecia
987 1994 1092 2078 bryan
1108 2005 1224 2060 vocant
1238 1995 1325 2059 eius·
1339 2009 1371 2054 oa
1419 2055 1424 2059 .

199 2118 262 2179 que
285 2095 348 2160 duo
370 2119 490 2182 genera
512 2096 598 2175 facit,
623 2096 802 2162 silvestrem
823 2097 918 2182 plane
937 2097 1088 2173 sterilem,
1112 2096 1243 2162 alteram
1264 2096 1343 2160 mi-·

202 2199 323 2263 tiorem.
357 2198 449 2264 Haec
479 2199 543 2263 fert
571 2197 604 2262 in
631 2199 785 2286 Aegypto
816 2196 976 2283 Syriaque
1005 2199 1100 2270 etiam
1127 2198 1327 2275 abundanter

200 2301 363 2388 lignosum
386 2300 525 2365 fructum
540 2298 693 2364 maiorem
706 2299 802 2387 galla,
826 2323 976 2386 asperum
999 2312 1109 2387 gustu,
1131 2323 1196 2384 quo
1211 2299 1327 2366 medici

202 2411 336 2465 utuntur
358 2401 427 2467 vice
448 2402 553 2489 gallae
574 2401 608 2464 in
631 2401 914 2486 compositionibus
936 2425 1017 2486 quas
1033 2402 1180 2466 antheras
1196 2411 1324 2475 vocant3

199 2515 235 2564 ct
255 2501 379 2590 lignum
408 2514 514 2567 autem
537 2514 569 2566 et
590 2502 650 2567 flos
674 2513 706 2567 et
727 2502 803 2567 folia
832 2514 863 2566 et
891 2516 1003 2569 cortex
1029 2505 1063 2568 in
1091 2504 1220 2568 eosdem
1247 2525 1326 2567 usus
1392 2526 1396 2535 ·

239 2678 376 2741 strinania,
389 2678 422 2726 V.
1361 2724 1366 2733 ,

239 2749 303 2808 §fil
330 2742 455 2810 Myricern,
473 2763 495 2796 a.
520 2747 639 2796 Ceterum
655 2763 678 2795 v.
695 2749 811 2797 Dioscor.
831 2755 852 2808 1,
868 2753 924 2798 116,
945 2789 974 2795 -
998 2763 1068 2809 quam
1085 2747 1168 2806 ericen,
1185 2748 1280 2796 Bodas.
1293 2747 1326 2794 ad

205 2813 337 2876 Theophr.
347 2814 405 2864 bist.
414 2813 492 2877 plant.
503 2830 527 2878 p.
537 2820 594 2864 409.
604 2830 628 2879 r.
647 2815 794 2878 eamericant,
807 2807 909 2866 OVTd
919 2813 1007 2877 (codd.
1017 2815 1127 2865 Salmas.
1137 2829 1219 2864 exerc.
1232 2831 1257 2878 p.
1268 2819 1325 2864 tm.

204 2879 282 2943 ald.)
310 2881 503 2940 eamericam,a.
530 2899 600 2945 quarn
619 2891 642 2930 et
658 2883 796 2939 tamaricen,
808 2879 836 2943 β,
863 2884 916 2932 Nos
934 2884 1038 2943 Bodaei‚
1057 2893 1086 2931 nt
1102 2899 1148 2947 par
1163 2891 1223 2942 erat,
1242 2897 1326 2931 emen·

205 2951 306 2997 datione
322 2959 422 3012 recepta
438 2951 613 3000 declinationis
630 2951 830 3001 terminationem
850 2966 864 3000 e
880 2952 952 3000 codd.
973 2952 1133 3000 mutavimus.
1160 2952 1222 3000 Alia
1236 2950 1327 2998 volunt

204 3019 271 3066 Pint.
285 3027 310 3066 et
323 3017 429 3066 Salmas.
449 3058 479 3065 -
499 3026 589 3078 vocant,
602 3020 635 3069 V.
659 3027 734 3081 vocat,
746 3014 837 3083 adssr.
856 3060 888 3069 ...
909 3017 1027 3079 Laenatis,
1039 3019 1072 3067 V.
1092 3060 1123 3067 -
1141 3017 1269 3070 Amerinis.
1282 3019 1325 3066 ad.

203 3084 336 3146 salnerinis,
350 3086 383 3134 V.
407 3092 430 3132 et
440 3084 568 3146 Amerinis,
581 3088 613 3136 K.
636 3087 738 3136 Retinui
752 3089 854 3150 quidem
868 3088 1003 3136 lectionem
1016 3087 1154 3150 vulgatam,
1171 3101 1326 3150 quamquam

204 3155 313 3217 ingenue
331 3155 454 3202 confitens
475 3155 640 3215 maneamne,
658 3155 719 3218 quid
737 3157 770 3205 sit
785 3156 862 3216 illud,
884 3171 934 3218 quo
955 3168 1048 3218 scopae
1065 3155 1201 3203 Amerinae
1218 3154 1250 3203 ab
1269 3153 1326 3202 aliis

204 3224 286 3285 scopis
298 3221 424 3280 differant,
441 3231 466 3272 et
481 3223 613 3286 quomodo
625 3222 703 3271 herba
719 3223 806 3286 aliqua
822 3238 852 3271 eo
870 3223 976 3272 describi
992 3223 1081 3285 possit,
1099 3224 1170 3286 quod
1186 3221 1274 3271 similis
1289 3221 1326 3270 di-

204 3301 274 3340 catur
290 3292 380 3356 scopis.
400 3290 529 3341 lamcum
547 3291 892 3355 ipsePlin.lti,108.dicat:
916 3289 1107 3353 tantariascopis
1120 3297 1208 3338 mamm
1221 3304 1326 3348 nascens,
1405 3324 1411 3334 .

204 3373 255 3406 non
268 3360 376 3408 multum
388 3360 467 3418 abest,
487 3361 548 3422 quin
564 3357 642 3422 scopis
658 3358 693 3406 ait
711 3359 833 3407 tamaricis
844 3360 1004 3409 scribendum
1017 3373 1071 3407 esse
1083 3350 1177 3422 putem,
1196 3359 1232 3407 ita
1243 3365 1272 3406 ut
1283 3371 1326 3418 ge·

204 3426 304 3475 netivus
315 3428 455 3475 illustretur
467 3428 505 3479 iis.
523 3443 588 3490 quaa
600 3428 673 3476 attuli
686 3429 718 3476 ad
730 3433 771 3489 35,
785 3435 809 3478 3.
833 3430 872 3478 De
888 3428 965 3477 verbo
978 3425 1016 3474 ait
1026 3441 1049 3474 v.
1062 3428 1149 3475 adnot.
1162 3441 1214 3489 seq.
1233 3465 1264 3474 ..
1287 3440 1327 3472 sa-

204 3493 261 3541 nari
277 3492 343 3553 dicit,
356 3495 453 3541 VTad
470 3491 597 3554 (Murbac.
614 3509 654 3559 ap.
668 3494 773 3545 Comar.
791 3498 824 3545 ad
835 3497 951 3546 Dioscor.
967 3501 989 3556 l,
1003 3492 1057 3555 95.)
1080 3493 1154 3554 dica,-
1170 3492 1263 3554 sanari,
1275 3487 1326 3555 βγ.

204 3561 294 3609 Verbo
312 3559 382 3618 dicit,
405 3562 473 3622 quod
491 3562 622 3625 hucusque
639 3564 810 3626 superioribus
827 3564 910 3613 verbis
927 3563 1119 3624 annectebatur,
1141 3579 1188 3626 per
1204 3564 1276 3611 codd.
1295 3561 1327 3608 ad

196 3628 324 3684 ,inferiora
336 3628 416 3676 relato
430 3629 565 3677 duriusculi
577 3631 673 3694 aliquid
685 3632 711 3679 in
724 3632 830 3679 exordio
844 3631 919 3679 buius
931 3631 983 3678 loci
995 3637 1117 3691 remanet,
1127 3646 1184 3680 cnm
1195 3632 1272 3679 modo
1282 3641 1328 3691 per

205 3697 353 3744 violentiam
363 3696 491 3758 quandam
501 3711 514 3745 e
523 3697 601 3745 verbo
610 3705 695 3745 vocant
703 3701 735 3747 ad
746 3712 841 3746 nomen
850 3696 961 3745 Lenaeus
969 3698 1080 3759 suppleri
1089 3700 1170 3762 possit
1179 3705 1258 3757 vocat3
1267 3698 1327 3745 hinc

205 3764 269 3812 mihi
282 3772 320 3812 cst
331 3778 477 3826 persuasum
491 3764 601 3813 Plinium
613 3764 690 3827 scopis
702 3766 739 3813 ait
751 3766 887 3828 scripsisse.
902 3805 932 3813 -
946 3763 1016 3812 inlita
1027 3766 1060 3824 ἄ,
1073 3780 1095 3813 a
1106 3805 1137 3813 -
1150 3763 1327 3812 eandem-ta·

206 3830 319 3889 nraricen,
335 3824 455 3880 dvTaa
473 3829 615 3894 (Murbac.)
641 3832 798 3880 Arbitrantur
815 3831 911 3894 quidam
929 3831 990 3879 banc
1007 3847 1055 3879 asae
1072 3831 1207 3890 tamaricen,
1224 3827 1274 3895 βγ.
1294 3871 1325 3880 ..

205 3896 299 3954 sedari,
317 3903 360 3948 ad.
387 3897 462 3960 sedat,
475 3901 508 3949 V.
531 3941 561 3949 -
590 3899 647 3958 eins,
664 3903 707 3949 ad.
734 3907 775 3959 eat,
787 3901 820 3950 V.
840 3941 871 3948 -
898 3897 1060 3960 antipathian,
1077 3901 1131 3950 Vd.
1158 3897 1327 3962 antipathiam,

206 3961 275 4031 αβγ.
296 4006 326 4014 -
350 3965 484 4027 iactatum,
498 3971 520 4018 d.
540 4008 570 4016 ..
593 3964 713 4030 adfirmet,
726 3969 760 4017 V.
780 4007 810 4016 -
839 3969 1004 4027 exea‚Vad.
1031 3982 1098 4032 aar
1113 3982 1244 4032 operarum
1257 3967 1327 4014 vitio.

207 4109 238 4117 ..
256 4084 317 4128 sites,
330 4071 372 4118 ad.
394 4052 457 4130 dves,
470 4070 504 4119 V.

241 4169 309 4230 §aa
333 4167 443 4232 splenico,
459 4164 684 4234 OVd(Murbao.)
710 4168 905 4236 spienstdaafi.
924 4213 955 4222 ..
981 4180 1066 4230 autem,
1082 4165 1191 4220 OVTa.
1210 4171 1299 4222 Omna
1313 4186 1329 4218 a

207 4238 292 4300 (codd.
307 4237 376 4301 Gal.)
387 4235 439 4302 βγ.
459 4280 490 4288 -
510 4238 714 4302 eadernsraetam,
730 4233 810 4289 OVd.
828 4253 858 4286 ea
869 4237 1011 4303 defractarn,
1024 4256 1040 4289 a
1051 4238 1137 4302 (codd.
1151 4237 1220 4302 Gel.)
1231 4233 1282 4301 βγ.
1297 4277 1328 4287 ..

206 4307 360 4370 necserraun,
378 4310 401 4356 d.
428 4323 456 4355 ne
464 4307 571 4370 serram,
583 4307 617 4356 V.
644 4323 716 4370 ireque
725 4308 831 4371 serram,
844 4303 914 4371 αβγ.
934 4348 961 4356 ..
988 4308 1110 4370 attinpere,
1122 4308 1156 4356 V.
1176 4347 1207 4355 .-
1231 4304 1328 4354 adseve-
