2918 4800
415 285 484 329 urs.
501 284 600 330 xxm.
628 280 706 328 cnr.
723 281 774 328 111.
804 281 901 327 snos.
918 281 1000 324 ‘rr-ra.
1204 264 1266 326 439

186 439 238 501 st.
261 435 430 519 Aquarum
453 443 528 498 sunt
549 445 644 499 notae
665 434 779 498 iuncus
801 443 857 496 aut
879 430 1025 497 harundo
1040 442 1096 496 aut
1113 429 1212 496 herba
1227 432 1267 496 de
1281 449 1313 492 44

142 561 207 624 qua
228 536 349 602 dictum
372 546 421 600 est
441 535 641 619 multumque
665 534 758 599 alicui
780 535 850 599 loco
866 544 995 619 pectore
1009 531 1165 598 incubans
1180 555 1267 598 rana.

144 637 235 704 Salix
258 636 344 703 enim
366 636 500 702 erratica
522 648 554 702 et
574 637 668 702 aluus
691 646 746 701 aut
767 635 855 700 vitex
882 645 938 699 aut
965 634 1109 698 harundo
1130 644 1188 699 aut
1209 633 1266 699 he·

142 741 221 806 dera
236 748 349 824 sponte
363 738 558 824 proveniunt
572 750 605 803 et
618 738 835 804 conrivatione
853 757 956 820 aquae
970 735 1099 822 pluviae
1113 735 1147 799 in
1161 736 1268 801 locum

142 841 345 907 humiliorem
367 861 385 904 e
407 840 629 925 superioribus
651 839 821 904 defluentis
843 838 980 927 augurio
995 835 1111 914 fallaci,
1133 837 1312 902 certiorare

142 943 243 1008 multo
265 940 419 1006 nebulosa
439 940 652 1019 exhalatione,
675 953 750 1006 ante
772 950 876 1005 ortum
899 940 975 1005 solis
988 940 1118 1025 lougius
1137 939 1266 1003 intuen-

143 1042 240 1120 tibus,
262 1043 502 1128 quodquidam
524 1066 564 1108 ex
586 1043 672 1107 edito
695 1042 902 1129 speculantur
924 1041 1014 1128 proni
1031 1053 1149 1105 terram
1170 1040 1265 1105 attin-

141 1156 239 1234 gente
260 1156 376 1211 mento.
398 1144 460 1210 Est
482 1157 515 1210 et
535 1144 706 1230 peculiaris
720 1143 911 1209 aestumatio
925 1143 1039 1229 peritis
1053 1155 1176 1209 tantum
1190 1156 1268 1207 nota

143 1269 239 1331 quam
261 1246 499 1312 ferventissimo
521 1258 614 1312 aestu
635 1256 787 1311 secuntur
808 1244 937 1328 dieique
962 1244 1051 1308 horis
1077 1243 1265 1309 ardentissi-

142 1347 213 1426 mis,
241 1347 346 1432 qualis
376 1370 416 1412 ex
443 1369 572 1432 quoque
599 1349 670 1414 loco
691 1369 902 1432 repercussus
923 1345 1091 1432 splendeat
1098 1370 1107 1424 ;
1136 1367 1210 1408 nam
1239 1344 1267 1409 si

143 1462 229 1515 terra
256 1449 383 1514 sitiente
410 1449 552 1515 umidior
579 1460 628 1514 est
654 1449 717 1526 ille,
746 1447 929 1514 indubitata
958 1471 1034 1534 spes
1061 1447 1267 1535 promittitur.

142 1548 211 1617 Sed
232 1561 321 1616 tanta
342 1552 508 1617 oculorum
528 1550 703 1617 intentione
724 1573 806 1636 opus
829 1561 879 1618 est
899 1561 936 1615 ut
950 1549 1158 1626 indolescant,
1181 1549 1267 1632 quod
1281 1567 1312 1609 re

142 1653 301 1741 largientes
323 1652 365 1717 ad
386 1653 449 1718 alia
470 1654 690 1737 experimenta
711 1653 904 1732 decurrunt3
928 1655 999 1718 loco
1017 1653 1052 1716 in
1066 1651 1267 1716 altitudinem

141 1754 262 1839 pedum
290 1754 432 1839 quinque
461 1754 591 1822 defosso
616 1757 750 1840 ollisque
773 1780 790 1822 e
811 1757 922 1843 figlino
949 1777 1048 1841 opere
1076 1752 1184 1818 erudis
1211 1763 1267 1816 aut

142 1867 299 1943 peruncta
319 1856 405 1942 pelvi
427 1876 522 1922 aerea
543 1868 695 1943 cooperto
715 1859 909 1943 lucernaque
937 1857 1069 1924 ardente
1099 1877 1265 1922 concama-

142 1968 212 2022 rata
231 1956 413 2036 frondibus,
435 1957 512 2023 dein
534 1967 629 2036 terra,
652 1959 679 2024 si
700 1960 846 2045 figlinum
866 1960 1011 2025 umidum
1026 1969 1196 2043 ruptumve
1211 1969 1266 2020 aut

142 2057 177 2122 in
196 2082 273 2125 aere
296 2059 395 2126 sudor
415 2060 467 2126 vel
485 2060 618 2126 lucerna
631 2059 701 2126 sine
715 2062 843 2126 defectu
857 2063 919 2127 olei
932 2058 1086 2125 restincta
1099 2070 1156 2123 aut
1170 2059 1266 2121 etiam

143 2161 246 2226 vellus
259 2160 353 2226 lanae
367 2161 533 2226 madidum
546 2162 737 2247 reperiatur,
759 2183 823 2228 non
837 2161 934 2227 dubie
948 2161 1140 2246 promittunt
1154 2181 1264 2244 aquas.

142 2260 284 2344 Quidam
305 2275 338 2329 et
357 2261 435 2350 igne
455 2263 546 2349 prius
568 2275 725 2330 excocunt
745 2264 861 2342 locum,
893 2274 981 2329 tanto
1008 2260 1185 2328 efficaciore
1207 2282 1264 2325 va·

143 2386 251 2429 sorum
272 2376 472 2451 argumento.

184 2466 236 2530 28.
263 2465 364 2531 Terra
390 2489 467 2532 vero
494 2468 566 2554 ipsa
590 2466 745 2553 promittit
773 2464 1015 2531 candicantibus
1043 2464 1178 2530 maculis
1208 2475 1266 2528 aut
1280 2477 1310 2521 4⁷

141 2576 207 2630 tota
227 2565 335 2652 glauci
357 2567 487 2644 coloris3
509 2567 544 2632 in
564 2568 659 2654 nigra
679 2567 762 2632 enim
778 2567 990 2654 scaturigines
1012 2588 1079 2633 non
1101 2566 1169 2631 fere
1192 2576 1266 2630 sunt
1295 2600 1298 2604 ι

142 2688 310 2752 perennes.
345 2667 510 2757 Figularis
538 2682 625 2734 creta
653 2690 778 2755 semper
804 2669 916 2733 adimit
944 2690 1021 2754 spes
1046 2690 1107 2734 neo
1128 2665 1266 2752 amplius

143 2778 277 2853 puteum
290 2768 426 2847 fodiunt,
441 2770 529 2837 coria
540 2782 646 2836 terrae
660 2771 878 2850 observantes,
899 2781 968 2837 uta
983 2771 1078 2858 nigra
1091 2769 1267 2836 descendat

143 2869 222 2934 ordo
248 2892 346 2956 supra
372 2870 488 2936 dicore.
526 2872 626 2956 Aqua
654 2893 782 2959 semper
808 2873 911 2940 dulcis
936 2873 970 2937 in
997 2870 1150 2962 argillosa
1171 2866 1272 2947 terra,

143 2970 294 3054 frigidior
312 2971 346 3035 in
367 2971 450 3048 tofo;
473 2994 610 3056 namque
632 2984 663 3038 et
683 2973 735 3037 hic
754 2972 911 3059 probatur
917 3000 926 3052 3
949 2974 1054 3039 dulcis
1069 2975 1155 3039 enirn
1168 2972 1266 3036 levir·

144 3069 307 3156 amesque
333 3072 414 3138 facit
441 3083 474 3138 et
502 3073 635 3138 colando
662 3075 805 3139 continet
831 3074 944 3139 sordis.
986 3072 1145 3139 Sabulnm
1174 3071 1266 3137 exilis
1279 3086 1312 3130 ss

179 3245 247 3307 544.
266 3244 398 3307 irruam
416 3287 448 3297 ..
472 3253 495 3295 et
511 3243 605 3307 herbae,
623 3246 647 3294 d.
665 3284 696 3295 ..
721 3242 810 3294 dictam
827 3253 861 3293 est
876 3252 917 3306 26,
934 3252 975 3296 30.
998 3285 1029 3295 -
1052 3244 1135 3307 alicui,
1151 3244 1264 3296 VBTd.

144 3307 228 3373 aliqui,
239 3307 269 3373 β.
288 3353 319 3362 -
337 3313 403 3372 viter,
419 3306 447 3363 θ.
466 3354 497 3364 ..
516 3310 669 3371 auterendo,
684 3304 823 3364 OVRTd.
842 3313 899 3364 Om.
911 3309 940 3375 β.
960 3353 991 3362 -
1001 3311 1119 3376 sollario,
1131 3315 1175 3363 R'.

176 3405 247 3518 dost·
265 3404 364 3453 certiore
374 3402 447 3455 multo
458 3404 569 3455 nebuloso
580 3402 737 3466 uiolatione,
752 3405 789 3456 ita
799 3420 848 3456 nos
860 3404 1013 3471 scripsimus.
1031 3404 1116 3454 certior
1125 3400 1267 3468 praetulero

145 3483 175 3517 aa
208 3467 302 3532 leubae,
314 3472 389 3522 VB¹.
406 3472 493 3522 certior
508 3471 580 3522 multo
597 3469 707 3521 nebuloso
724 3471 883 3535 minuatione,
894 3472 944 3523 ΙΨ.
962 3471 1048 3521 certior
1059 3479 1094 3520 art
1104 3468 1215 3520 nebulosa
1225 3484 1266 3518 er·

146 3534 244 3598 naua,
260 3540 285 3588 d.
306 3538 392 3590 certior
407 3537 478 3589 multo
493 3537 606 3590 nebuloso
622 3537 743 3589 ababuc
759 3548 801 3600 eet,
816 3535 867 3604 βγ.
892 3581 923 3589 -
946 3538 1011 3601 colie,
1028 3540 1060 3590 B.
1078 3579 1110 3588 ..
1127 3535 1226 3602 quidem
1237 3552 1267 3586 aa

145 3601 216 3666 odito,
226 3605 259 3656 B.
277 3604 373 3670 quidum
385 3623 415 3655 er
425 3605 497 3669 edint,
508 3610 532 3658 d.
550 3607 593 3671 pai
602 3606 673 3656 atium
685 3621 715 3656 er
726 3606 812 3670 indito,
824 3609 857 3658 V.
875 3623 905 3656 er
916 3605 979 3658 edito
991 3604 1097 3670 quidum,
1108 3598 1159 3670 βγ.
1179 3645 1209 3654 -
1228 3612 1266 3653 ot-

147 3667 249 3736 tinpaate
265 3680 349 3735 mento,
364 3676 448 3726 VRd.
466 3682 541 3723 mento
557 3674 693 3739 oninqente,
703 3671 755 3739 βγ.
774 3715 806 3725 ..
824 3673 880 3736 oria,
892 3675 926 3725 V.
947 3716 977 3726 ..
995 3688 1094 3738 quoque,
1106 3673 1192 3724 VRd.
1210 3686 1266 3736 quo·

146 3751 200 3800 quo,
210 3734 241 3800 β.
260 3781 291 3790 -
310 3739 435 3802 lucidior,
446 3741 544 3795 VB¹d.
562 3739 653 3803 utilior,
665 3742 713 3793 13².
728 3782 760 3792 -
779 3740 916 3805 iadibitata,
927 3740 961 3794 V.

180 3833 249 3894 §aa
270 3830 388 3882 oculorum
404 3832 538 3896 intendore,
554 3834 638 3884 VRd.
661 3833 787 3884 intentione
803 3833 928 3894 oculorum,
944 3830 995 3900 βγ.
1015 3874 1045 3886 -
1070 3831 1165 3898 &sueri
1181 3834 1215 3883 V.
1233 3873 1265 3883 ..

143 3896 218 3961 pelvi,
233 3900 288 3950 Vd.
308 3898 399 3964 privio,
415 3902 464 3951 12².
482 3897 553 3966 pella,
571 3901 616 3951 13¹.
634 3941 665 3952 ..
689 3909 866 3958 concorporato.
878 3902 940 3953 VR.
958 3907 1131 3962 commeato,
1143 3895 1216 3966 ἀβγ.
1235 3940 1266 3951 .-

146 3963 296 4044 rifipliram,
309 3968 362 4019 Bd.
379 3966 412 4016 rit
427 3965 532 4034 licinum,
544 3968 579 4019 V.
599 4008 629 4019 -
648 3966 774 4028 madidum,
788 3969 820 4020 V.
839 4008 869 4020 -
889 3967 967 4033 aqna,
980 3968 1042 4021 VR.
1061 3969 1150 4022 Omitt.
1162 3967 1215 4020 Td.
1235 4008 1265 4020 -

147 4048 206 4098 ΨΜ»
217 4036 242 4086 a
262 4074 293 4085 -
311 4036 494 4100 “wme-
870 4062 875 4070 ·

180 4116 255 4178 §rt
274 4126 322 4170 toto
336 4119 422 4182 elmeri,
437 4121 472 4172 V.
489 4160 520 4172 ..
541 4119 705 4186 wmmipiner,
722 4122 754 4171 V.
777 4162 808 4170 ..
832 4119 956 4186 lipalarir
972 4131 997 4172 et
1013 4119 1107 4184 adimit,
1126 4114 1267 4174 OVBTd.

148 4183 262 4249 bicolori
275 4195 302 4237 et
319 4186 441 4250 adimitur,
456 4183 487 4249 β.
509 4228 541 4240 ..
564 4205 637 4253 spero,
653 4187 765 4240 Gronov.
792 4229 822 4239 ..
846 4196 913 4251 neto,
928 4191 1012 4242 VBd.
1031 4230 1062 4241 ...
1085 4188 1268 4256 tensamque,

149 4246 288 4306 θῩΒΤᾶ.
308 4253 421 4335 levesque,
432 4252 460 4317 β.
881 4289 883 4295 ,
