2918 4800
196 262 259 326 376
324 276 529 323 nsrunsms
549 275 692 322 nrsron.
717 276 786 322 mn.
803 277 902 320 xxm.
928 273 1006 320 cnr.
1026 274 1073 320 v1.
1100 272 1198 321 sacr.
1215 275 1248 318 m.

195 453 258 516 que
286 441 349 507 est,
375 429 409 494 in
438 451 502 514 quo
530 450 608 513 apes
635 428 814 492 inmortuae
842 425 915 490 sint.
953 424 1123 492 Parotidas
1153 424 1326 511 conprimit

196 530 411 597 columbinum
434 541 558 596 stercus
580 527 631 594 vel
651 550 711 615 per
733 550 767 594 se
789 529 839 593 vel
863 550 936 593 cum
957 526 1061 593 farina
1073 526 1244 592 hordeacia
1267 536 1325 591 aut

196 632 359 710 avenacia,
382 642 517 697 noctuae
540 628 706 696 cerebrum
730 630 782 695 vel
803 629 893 694 iecur
915 651 989 695 oum
1011 629 1082 694 oleo
1097 628 1240 693 infusum
1262 651 1323 692 au-

197 733 316 800 riculae
338 745 393 797 aut
415 733 566 819 parotidi,
595 730 771 818 multipeda
800 752 873 796 cum
894 731 1021 796 resinae
1042 742 1134 817 parte
1157 728 1250 794 tertia
1271 729 1319 793 in·

196 835 261 914 lita,
290 834 388 924 grylli
416 835 485 900 sive
511 834 594 900 inliti
623 834 692 899 sive
714 832 888 922 adalligati.
925 833 972 898 At
993 832 1117 917 reliqua
1138 829 1324 897 morborum

197 959 329 1025 genera,
351 936 545 1003 medicinam
560 958 602 1000 ex
616 935 731 1000 iisdem
746 933 939 1001 animalibus
961 946 1016 999 aut
1032 933 1177 999 eiusdem
1191 932 1324 1019 generis

198 1038 343 1122 sequenti
365 1038 510 1104 dicemus
531 1037 700 1104 volumine.

233 1247 248 1308 ἓ
263 1251 317 1297 143.
338 1246 476 1308 inmortuae,
490 1247 574 1297 VRd.
592 1253 718 1305 emortuae,
730 1240 782 1310 βγ.
802 1286 833 1297 ..
851 1245 906 1307 sint,
918 1246 980 1295 VR.
998 1252 1060 1306 sant,
1073 1239 1145 1309 ᾶβγ.
1164 1286 1195 1295 ..
1214 1242 1326 1293 calumm-

199 1327 262 1370 num,
274 1313 378 1364 vum.
394 1311 564 1376 palumbinum,
580 1305 652 1363 OB'.
666 1353 696 1362 -
715 1311 753 1361 val
761 1328 813 1376 per.
825 1314 896 1362 R²d
912 1329 964 1376 per,
977 1312 1055 1363 VR'.
1068 1353 1099 1361 ..
1112 1327 1240 1373 avenacea,
1250 1312 1324 1362 R2c.

200 1394 325 1442 amnaeea,
338 1382 383 1431 Re
402 1379 543 1442 harenacea,
556 1381 589 1430 V.
612 1421 643 1430 ..
668 1388 773 1442 nmtuae,
786 1381 870 1431 VRd.
887 1387 1039 1444 unctumque,
1052 1375 1074 1443 β
1078 1395 1103 1444 γ.
1122 1421 1154 1430 ..
1172 1377 1296 1430 auriculae
1307 1395 1326 1428 a

198 1445 317 1509 paralisis,
330 1449 414 1500 VTd.
433 1447 542 1498 auricula
554 1464 580 1497 so
587 1445 705 1511 parotide,
716 1447 749 1498 R.
769 1490 800 1499 ..
815 1455 887 1513 parte
899 1447 977 1510 tertia,
991 1450 1053 1500 VR.
1073 1448 1144 1497 tertia
1159 1455 1237 1512 parte,
1249 1442 1324 1511 ᾶβγ.

202 1553 234 1565 ..
252 1515 302 1579 Ad,
315 1518 348 1567 V.
368 1559 397 1567 ..
417 1515 563 1577 medicinam,
576 1516 664 1567 VBd.
683 1515 863 1579 medicinasqua
874 1511 924 1579 βγ.
