2918 4800
144 276 186 340 54
496 288 700 336 narsaeus
722 285 918 336 fflsnoumn

143 443 264 509 scentia
284 442 319 506 in
339 441 380 506 iis
401 450 549 506 auctores
577 440 707 524 quidam
735 448 769 504 et
795 439 958 505 oculorum
988 436 1159 524 albugines
1187 437 1265 504 oali·

141 545 297 633 ginesque
317 543 474 608 inunxere
496 563 534 607 eo
556 553 589 606 et
610 552 721 607 contra
735 539 895 626 pulmonis
909 538 1016 604 ulcera
1030 538 1182 638 cyathum
1196 538 1266 605 eius

142 645 265 711 sorberi
284 645 458 722 iusserunt,
480 643 559 708 item
581 643 737 708 adversus
759 640 891 706 taenias.
913 639 969 705 Fit
990 663 1032 705 ex
1053 663 1091 706 eo
1113 650 1146 706 et
1159 641 1265 705 oleum

140 745 226 830 quod
246 745 428 832 pisselaeon
450 756 587 822 vocant,
601 742 847 809 vehementioris
862 743 903 806 sd
917 741 1025 807 omnia
1041 741 1153 807 eadem
1174 763 1264 806 usus.

142 846 241 913 Cedri
270 846 363 913 scobe
392 845 551 933 serpentis
578 845 687 930 fugari
716 854 839 909 certum
868 855 932 922 est,
962 842 1039 908 item
1065 842 1155 910 bacis
1179 842 1263 908 tritis

140 971 213 1014 cum
235 949 316 1027 oleo,
341 947 445 1032 siqui
466 956 720 1034 perunguantur.

182 1050 234 1114 12.
265 1046 423 1115 Cedrides
443 1048 504 1114 hoc
526 1058 575 1114 est
596 1047 722 1112 fructus
744 1047 831 1112 cedri
854 1047 969 1111 tussim
992 1056 1116 1123 sanant,
1139 1045 1265 1111 urinam
1279 1062 1313 1108 ao

140 1151 236 1227 cient,
259 1150 364 1216 alvom
386 1150 514 1227 sistunt,
537 1149 632 1215 utiles
646 1149 761 1234 ruptis,
784 1147 955 1225 convolsis,
978 1148 1136 1234 spasticis,
1160 1157 1265 1212 stran-

139 1253 263 1342 guriae,
285 1250 389 1317 volvis
410 1251 541 1330 admoti,
563 1262 675 1317 contra
696 1251 822 1336 lepores
836 1250 978 1315 marinos
993 1251 1169 1334 eademque
1180 1270 1267 1337 ‘quae

140 1375 249 1440 supra,
272 1352 512 1418 collectionibus
533 1351 909 1434 inflammationibusque.

185 1454 236 1519 13.
263 1453 318 1519 De
346 1455 482 1540 galbano
510 1453 659 1519 diximus.
695 1452 810 1537 Neque
837 1453 983 1518 umidum
1009 1474 1115 1535 neque
1140 1451 1266 1517 aridum
1280 1465 1311 1512 21

141 1556 296 1640 probatur
317 1556 376 1620 sed
397 1556 491 1640 quale
513 1555 691 1623 docuimus.
720 1554 785 1621 Per
807 1578 842 1619 se
864 1554 986 1620 bibitur
1007 1554 1049 1618 ad
1071 1553 1187 1618 tussim
1208 1576 1265 1619 ve-

142 1668 252 1735 terem,
276 1657 423 1743 suspiria,
446 1667 552 1743 rupta,
575 1657 740 1733 convolsa3
763 1655 930 1741 inponitur
943 1655 1135 1733 ischiadicis,
1157 1654 1266 1720 lateris

142 1756 320 1836 doloribus,
347 1759 459 1844 panis,
488 1757 682 1836 frnunculis,
714 1757 840 1844 corpori
866 1757 907 1823 ab
936 1757 1063 1824 ossibus
1089 1754 1266 1834 recedenti,

141 1859 282 1939 strumis,
309 1861 516 1926 articulorum
536 1859 641 1936 nodis,
668 1859 812 1924 dentium
833 1881 961 1943 quoque
983 1856 1165 1934 doloribus3
1192 1857 1267 1922 inli-

140 1960 229 2026 nitur
251 1971 377 2027 etcum
399 1963 493 2027 melle
522 1960 637 2048 capitis
664 1959 837 2026 ulceribus.
874 1960 1061 2026 Purulentis
1087 1958 1268 2025 infunditur

140 2062 273 2128 auribus
294 2086 368 2130 oum
388 2085 520 2129 rosaceo
542 2073 598 2128 aut
619 2063 720 2129 nardo
726 2087 735 2139 ;
763 2063 861 2129 odore
882 2061 1095 2129 comitialibus
1117 2060 1268 2127 subvenit

141 2174 173 2228 et
193 2165 287 2230 volva
308 2165 527 2252 strangulante
549 2164 602 2230 vel
627 2164 661 2234 in
683 2165 839 2230 stomachi
862 2165 998 2233 defectu.
1034 2164 1181 2230 Abortus
1202 2177 1314 2228 nonna

141 2265 288 2330 exeuntis
310 2265 408 2330 trahit
429 2265 580 2350 adpositu
601 2266 653 2331 vel
674 2267 795 2345 suffitu,
818 2266 895 2332 item
917 2290 1006 2331 ramo
1027 2265 1182 2331 hellebori
1205 2263 1267 2330 cir-

142 2365 309 2431 cumlitum
330 2377 426 2451 atque
448 2367 638 2432 subiectum.
661 2367 828 2454 Serpentis
848 2369 961 2434 nidore
976 2368 1138 2434 urentium
1159 2366 1269 2452 fugari

143 2467 299 2545 diximus3
328 2466 457 2555 fugiunt
480 2478 512 2534 et
533 2480 706 2554 perunctos
728 2469 884 2556 galban03
914 2470 1062 2536 medetur
1084 2479 1116 2535 et
1137 2492 1157 2533 a
1180 2489 1268 2535 scor-

142 2568 237 2653 pione
259 2569 432 2655 percussis.
465 2567 596 2635 Bibitur
618 2571 706 2636 etin
728 2571 851 2637 difficili
872 2582 969 2657 partu
989 2572 1083 2638 fabae
1105 2570 1268 2657 magnitu-

142 2670 217 2735 dine
238 2670 273 2735 in
295 2671 411 2756 cyatho
426 2670 493 2737 vini
515 2671 690 2757 volvasque
709 2695 881 2739 conversas
899 2673 1042 2759 corrigit,
1065 2695 1139 2739 oum
1159 2691 1269 2736 murra

142 2781 250 2838 autem
271 2781 302 2838 et
324 2772 398 2838 vino
419 2785 563 2840 mortuos
584 2786 697 2861 partus
718 2775 867 2841 extrahit.
888 2774 1095 2841 Adversatur
1116 2783 1147 2841 et
1168 2795 1267 2839 vene-

142 2871 204 2951 nis,
232 2895 383 2940 maxume
410 2875 526 2942 toxicis
555 2898 628 2942 oum
655 2899 763 2966 murra
790 2887 823 2943 et
843 2877 932 2955 vino;
962 2876 1122 2962 serpentis
1144 2876 1214 2942 oleo
1236 2883 1270 2940 et

143 2973 313 3060 spondylio
334 2977 436 3044 mixto
458 2988 545 3043 tactu
566 2988 659 3045 necat
665 3003 675 3055 ;
697 3001 813 3045 nocere
834 2979 948 3045 urinae
970 2978 1192 3045 existumatur.

176 3181 246 3241 §ra
269 3182 307 3244 its,
320 3185 353 3235 V.
381 3184 481 3248 hr’s,ad.
505 3227 537 3236 ..
564 3184 667 3250 quidem,
684 3188 740 3237 Vd.
762 3228 794 3237 ...
821 3187 955 3244 inanescere,
967 3187 1000 3237 V.
1028 3227 1060 3236 ..
1083 3183 1267 3249 pulmentaad.

138 3248 269 3314 pulmones,
281 3253 312 3302 T.
327 3251 485 3316 pulmonibus,
497 3254 530 3304 V.
554 3295 586 3304 ..
610 3253 764 3316 ulceraVa.
783 3252 931 3319 hulceraqne,
945 3256 998 3305 Τὰ.
1017 3295 1049 3305 -
1071 3251 1170 3313 sorberi,
1184 3247 1268 3303 ovd.

141 3318 242 3379 sorbere,
255 3315 324 3384 asty.
344 3362 375 3370 -
395 3321 496 3384 taenias,
512 3314 560 3372 Oa.
579 3330 666 3384 tenens,
678 3322 712 3372 V.
732 3321 814 3382 tineas,
827 3318 878 3384 (1β
901 3364 932 3372 -
955 3339 985 3371 ee
996 3338 1033 3383 eo,
1045 3321 1077 3370 Κ.
1097 3362 1128 3369 ..
1151 3328 1174 3368 et
1185 3317 1268 3381 oleum,

141 3386 194 3436 Va.
208 3385 290 3449 oleum,
301 3389 325 3438 d.
338 3396 360 3436 et
371 3387 446 3438 oleum
458 3397 484 3439 ut
495 3398 518 3439 et
529 3389 599 3452 quod,
611 3391 644 3441 K.
656 3431 687 3440 ..
695 3389 835 3454 pisselaeon,
845 3394 868 3441 d.
884 3389 1029 3455 pirrehteon,
1041 3405 1064 3439 a.
1080 3387 1224 3453 pissaeleon,
1233 3387 1268 3437 V.

141 3452 332 3573 cedreleeovnffl.
354 3497 379 3504 -
409 3455 664 3519 vehementiores,Vd.
688 3499 719 3508 ..
745 3459 833 3521 scobe,
846 3462 870 3509 d.
893 3500 925 3508 -
943 3459 1046 3523 supere,
1062 3459 1096 3507 V.
1123 3496 1155 3505 ..
1179 3470 1268 3518 perun·

157 3529 233 3582 eatur,
272 3559 279 3571 .

140 3538 244 3649 9§20.
258 3591 366 3655 fructus,
379 3592 453 3640 codd.
466 3592 579 3641 Barbari.
595 3592 824 3655 frutices‚VTad.
851 3634 883 3642 ..
906 3590 1084 3657 pastician.
1112 3631 1144 3640 ..
1171 3598 1268 3653 strepu-

141 3658 200 3717 riac‚
212 3659 245 3708 V.
260 3699 291 3708 ..
310 3657 403 3707 admoti
412 3666 508 3721 contra;
521 3675 566 3723 pro
579 3660 619 3709 his
631 3676 670 3710 vv,
683 3661 780 3710 habent
792 3667 876 3710 eontra
887 3659 984 3708 admota
995 3659 1073 3719 Vad,
1089 3657 1143 3723 poti
1153 3666 1236 3707 contra
1247 3675 1267 3708 r.

141 3723 171 3774 Id
188 3733 232 3774 aut
247 3729 421 3791 reponendum
439 3742 472 3776 ex
487 3727 638 3778 Dioscorida
655 3736 700 3778 eut
715 3725 799 3777 vulva.
825 3726 864 3776 Ac
881 3728 935 3791 poti
953 3734 1036 3776 ronna
1055 3729 1193 3790 legendnm
1213 3740 1268 3777 esse

142 3801 229 3842 censet
239 3795 318 3844 Hard.
336 3835 368 3845 ...
387 3811 455 3859 qnae,
468 3796 492 3844 d.
506 3795 594 3846 Omin.
609 3796 662 3845 Va.
680 3837 712 3846 ..
731 3794 999 3858 irtflammntiontbusqne
1011 3793 1108 3856 admoti,
1120 3795 1153 3845 K.

176 3861 191 3923 ξ
204 3867 244 3911 11.
262 3860 367 3911 diximus
381 3869 419 3924 12,
435 3867 491 3914 126.
509 3862 567 3913 coll.
579 3864 696 3914 Dioscor.
709 3871 732 3925 ³,
746 3867 787 3915 st.
807 3905 838 3912 ..
854 3864 988 3928 probatum,
1001 3877 1024 3912 a.
1038 3904 1070 3912 ..
1088 3870 1112 3911 et
1123 3860 1201 3925 quale,
1210 3862 1268 3912 Vd.

142 3934 165 3975 et
177 3926 267 3991 quales,
279 3944 302 3978 a.
322 3969 353 3980 ..
377 3930 498 3993 eandum,
511 3932 544 3982 V.
564 3971 595 3980 -
619 3932 651 3980 nb
667 3932 757 3981 omittes
768 3930 892 3992 recedenti,
905 3933 929 3980 d.
947 3930 1080 3979 aborsibus
1092 3928 1220 3991 recidendi,
1232 3929 1267 3979 V.

142 3996 173 4043 ab
190 3994 279 4044 ossibus
295 3996 462 4060 recedentibus,
479 4015 502 4049 a.
526 4007 548 4049 et
564 4000 655 4048 ossibus
671 3998 838 4062 recedenttbns,
854 4016 874 4050 r.
902 4039 934 4049 ...
960 3998 1134 4061 εἰναηφαίαηεε,
1152 4000 1207 4048 Vd.
1230 3996 1267 4046 in-

142 4061 316 4128 stranpnlante‚
329 4081 352 4114 a.
371 4107 401 4116 -
419 4066 458 4116 vel
468 4067 501 4130 in,
517 4060 626 4119 OVTd.
645 4066 689 4130 vel,
701 4084 741 4119 ar.
760 4075 783 4116 et
794 4067 827 4129 in,
838 4063 890 4131 βγ.
909 4107 940 4117 ..
958 4066 1064 4127 stonnci,
1076 4069 1110 4117 V.
1199 4095 1201 4101 ·

177 4134 245 4196 §22
267 4130 430 4196 adpositav.
453 4176 485 4185 ...
508 4152 583 4197 ramo,
596 4136 697 4186 VTdr.
719 4134 789 4197 rami,
802 4151 824 4185 a.
847 4135 930 4197 rann,
942 4131 993 4199 βγ.
1017 4176 1047 4186 ..
1072 4133 1165 4194 eteberi,
1177 4135 1211 4183 V.
1235 4173 1266 4183 .-

142 4199 266 4262 urentium,
283 4201 359 4251 Vad.
386 4202 440 4263 asti,
457 4204 490 4254 K.
517 4245 549 4255 ..
577 4203 803 4264 tinnulam.
831 4245 863 4254 ..
887 4210 1009 4267 paraneto,
1025 4220 1048 4253 a.
1071 4243 1101 4252 ..
1128 4203 1168 4263 ab,
1184 4217 1207 4251 a.
1234 4240 1266 4251 .-

142 4267 227 4333 cyetlto
239 4268 295 4331 uini,
308 4272 353 4320 ad.
372 4269 453 4333 quien
465 4271 522 4335 vini,
534 4273 581 4323 V¹.
599 4272 663 4322 cinto
674 4270 732 4334 vini,
744 4271 795 4321 V‘.
814 4271 864 4320 cini
874 4269 967 4336 gatho,
977 4265 1030 4335 βγ.
1050 4310 1081 4321 ..
1100 4286 1178 4336 myra,
1190 4270 1224 4320 V.
1235 4308 1267 4319 ...
