2918 4800
114 252 125 262 ’
209 273 271 337 254
561 287 764 333 unnunsms
786 286 981 333 russomss
1041 350 1045 359 ¹

208 441 295 505 Illud
327 439 531 504 admonuisse
563 460 718 524 perquam
751 438 966 504 necessarium
998 450 1057 517 est,
1091 439 1191 506 dictas
1218 441 1283 505 iam
1310 460 1358 506 as

207 542 300 607 nobis
321 553 452 608 naturas
474 539 657 605 animahnm
680 551 712 604 et
734 563 816 625 quae
838 540 993 626 cuiusque
1015 553 1122 607 essent
1136 544 1327 622 inventa,-

207 665 312 727 neqne
334 643 417 706 enim
439 641 544 706 minus
565 642 715 727 profuere
737 641 911 707 medicinas
932 643 1118 730 reperiendo
1141 668 1238 730 quam
1251 669 1329 733 pro·

209 755 282 811 sunt
309 743 503 830 praebendo,
534 798 571 806 -
598 765 684 807 nunc
704 764 787 827 quae
807 743 841 806 in
863 743 944 830 ipsis
967 745 1159 810 auxilientur
1180 746 1328 825 indicari,

206 869 309 930 neque
330 845 449 911 illicin
471 855 573 910 totum
599 845 732 922 omissa,
762 842 839 908 haec
867 845 975 930 itaque
1003 868 1072 911 esse
1099 847 1228 932 quidem
1255 849 1328 928 alia,

206 948 269 1013 illis
291 958 400 1012 tamen
422 969 576 1011 connexa.

250 1052 278 1114 2.
311 1049 506 1134 Incipiemus
533 1059 638 1112 autem
666 1048 707 1113 ab
734 1048 862 1114 homine
889 1049 998 1136 ipsum
1026 1048 1087 1123 sibi
1115 1050 1357 1134 exquirentes,4

205 1154 350 1217 inmensa
372 1150 480 1214 statim
502 1147 688 1213 difficultate
710 1147 813 1212 obvia.
845 1147 1043 1237 Sanguinem
1059 1172 1187 1236 quoque
1201 1153 1326 1240 gladia-

207 1268 312 1319 torum
334 1250 450 1315 bibunt
471 1261 507 1314 nt
528 1250 710 1315 viventibus
732 1252 856 1337 poculis
883 1252 1061 1316 comitiales
1088 1253 1207 1331 morbi,
1239 1255 1327 1337 quod

206 1365 351 1442 spectare
372 1352 515 1417 facientis
536 1352 571 1415 in
593 1352 705 1423 eadem
729 1352 849 1417 harena
872 1353 957 1418 feras
979 1376 1108 1439 quoque
1130 1355 1243 1421 horror
1265 1367 1326 1422 est.

206 1459 253 1523 At
267 1454 406 1521 Hercule
421 1453 466 1518 illi
483 1477 522 1517 ex
543 1453 670 1517 homine
691 1453 761 1540 ipso
782 1452 911 1519 sorbere
934 1454 1201 1520 efficacissimum*
1210 1469 1327 1543 putant

206 1559 344 1625 calidum
368 1555 607 1640 spirantemque
634 1565 666 1620 et
687 1578 752 1620 una
772 1555 876 1642 ipsam
899 1556 1038 1620 animam
1062 1580 1103 1622 ex
1125 1560 1233 1624 osculo
1255 1559 1325 1624 vol-

204 1684 333 1739 nerum,
356 1681 429 1723 cum
451 1657 553 1744 plagis
575 1679 615 1721 ne
637 1656 776 1720 serarum
799 1657 929 1740 quidem
951 1657 1113 1723 admoveri
1134 1682 1191 1724 ora
1214 1660 1262 1725 fas
1285 1661 1327 1725 sit

205 1762 361 1837 humana3
392 1759 445 1823 alii
466 1758 622 1822 medullas
645 1781 774 1823 crurum
797 1769 957 1842 quaerunt
979 1771 1011 1824 et
1032 1760 1197 1826 cerebrum
1219 1762 1326 1827 infan-

206 1865 294 1929 tium.
326 1861 396 1927 Neo
427 1861 520 1947 pauci
543 1860 630 1946 apud
655 1857 799 1925 Graecos
823 1859 1020 1948 singulorum
1043 1861 1204 1927 viscerum
1224 1878 1354 1929 mem-5

205 1970 397 2049 brorumque
425 1963 521 2028 etiam
550 1984 678 2048 sapores
708 1961 818 2027 dixere
847 1963 953 2027 omnia
974 1963 1136 2048 persecuti
1158 1987 1261 2049 usque
1284 1967 1326 2030 ad

204 2066 386 2154 resegmina
407 2064 582 2152 unguium,
604 2064 698 2148 quasi
720 2086 795 2128 vero
819 2063 938 2129 sanitas
967 2063 1069 2129 videri
1096 2065 1199 2150 possit
1224 2065 1325 2131 feram

204 2195 244 2237 ex
265 2168 393 2233 homine
414 2166 483 2232 fieri
506 2165 681 2249 morboque
704 2164 838 2254 dignum
859 2165 894 2229 in
915 2165 986 2253 ipsa
1005 2165 1169 2244 medicina,
1193 2168 1326 2255 egregia

203 2268 362 2336 Hercules
384 2267 607 2346 frustratione,
637 2267 749 2332 sinon
772 2266 885 2351 prosit.
921 2266 1060 2355 Adspici
1085 2267 1224 2332 humana
1250 2281 1326 2335 exta

204 2372 295 2438 nefas
316 2370 468 2446 habetur,
491 2369 569 2453 quid
590 2368 719 2432 mandi?
742 2369 815 2453 quis
836 2368 900 2433 ista
920 2368 1042 2434 invenit
1065 2367 1232 2434 Osthane?
1260 2368 1354 2434 Tae

205 2497 277 2539 cum
300 2471 385 2536 enim
406 2493 458 2536 res
480 2471 552 2548 erit,
574 2461 703 2535 eversor
723 2468 803 2534 iuris
824 2469 956 2534 humani
978 2480 1256 2554 monstrorumque
1272 2493 1325 2534 ar-

206 2575 284 2638 tifex
307 2571 363 2656 qui
384 2572 508 2658 primus
530 2594 568 2636 ea
589 2570 776 2649 condidisti,
801 2571 912 2648 credo,
935 2571 1063 2636 navita
1086 2571 1132 2638 tui
1154 2570 1325 2637 oblivisce-

204 2686 302 2740 retur.
340 2672 425 2755 Quis
452 2673 576 2738 invenit
598 2673 724 2760 singula
745 2673 888 2739 membra
908 2672 1048 2737 humana
1068 2672 1241 2738 mandere?
1262 2694 1326 2757 qua

238 2852 252 2912 ξ
266 2856 289 2898 3.
316 2855 339 2896 et
355 2863 416 2910 qnae
431 2848 541 2911 cuiusque
558 2855 633 2896 essent
649 2847 744 2896 inventu
762 2851 786 2907 8,
799 2849 830 2897 97
844 2862 913 2911 seqq.
933 2853 973 2908 25,
987 2852 1018 2897 89
1032 2862 1101 2911 seqq.
1122 2888 1152 2896 -
1176 2862 1255 2909 quarn,
1271 2847 1324 2896 Rd.

204 2933 263 2976 cum,
280 2917 313 2966 V.
337 2956 368 2965 ...
392 2923 500 2980 prosunt,
517 2915 647 2966 VR2Tc.
672 2915 771 2978 prosint,
788 2916 833 2966 R'.
856 2923 964 2979 possunt,
981 2909 1010 2975 β.
1033 2956 1065 2965 ...
1092 2913 1206 2975 indicare,
1224 2917 1269 2966 3¹.
1293 2955 1324 2964 ..

204 2984 298 3045 omissa,
310 2984 341 3033 R.
362 2983 455 3043 emissa,
467 2984 523 3033 Vd.
542 3024 573 3032 -
593 2983 650 3032 haec
663 2983 749 3046 itaque,
762 2984 846 3034 VRd.
865 2982 946 3045 itaque
958 2981 1023 3044 laec,
1034 2977 1085 3047 βγ.
1104 3023 1135 3032 ..
1153 2998 1250 3043 msera,
1263 2983 1296 3032 V.

238 3052 289 3114 §h
316 3050 467 3114 exquirentis,
483 3052 517 3101 V.
536 3093 567 3101 ..
592 3050 668 3112 obvla,
685 3053 718 3100 V.
738 3092 768 3100 -
793 3067 890 3114 quoqne,
906 3050 1000 3100 VR²d
1016 3049 1103 3113 (codd.
1117 3049 1187 3110 Get.)
1205 3051 1262 3102 Om.
1279 3050 1325 3099 Rt

200 3119 375 3186 plerique‚K¹.
399 3121 568 3182 ncmqne‚K².
589 3160 620 3169 ..
638 3126 664 3167 nt
681 3118 809 3167 uiuentibus
824 3117 923 3181 poculis,
940 3121 1013 3168 codd.
1026 3118 1082 3169 Gel.
1106 3118 1325 3182 utviventibuspo-

200 3188 278 3252 pulis,
297 3189 347 3236 V'2.
377 3195 403 3235 nt
423 3187 550 3236 bibentibus
568 3186 675 3250 populis,
697 3180 853 3236 OvtltTd.
883 3193 909 3234 nt
929 3185 1057 3236 bibentthns
1074 3184 1159 3250 procul
1177 3185 1235 3248 sint,
1256 3187 1324 3237 Piut.

203 3254 339 3321 rddppr.
366 3263 392 3303 nt
407 3255 541 3304 innantibus
554 3254 651 3318 poculr's,
669 3255 783 3305 Gronov.
804 3255 945 3318 Utramque
956 3254 1085 3317 vulgatam
1098 3255 1254 3317 scripturam,
1267 3248 1325 3314 etss

204 3334 230 3375 et
240 3339 265 3389 r,
281 3324 471 3387 interpolationi
488 3324 572 3374 deberi
588 3324 749 3387 perspicuum
761 3332 799 3372 est
811 3333 836 3372 et
847 3323 954 3382 Plinius,
970 3323 1017 3373 nisi
1033 3321 1115 3383 fallor,
1133 3323 1233 3386 scripsit
1244 3321 1326 3370 bibunt

204 3391 346 3440 intuentihus
363 3390 458 3455 populis
479 3389 606 3439 comitiales
627 3401 756 3455 expuncto
777 3389 864 3449 morbi,
885 3392 966 3454 quod,
988 3404 1143 3454 quamquam
1163 3405 1209 3453 per
1229 3404 1255 3438 se
1276 3390 1325 3440 dici

203 3467 295 3525 potest,
307 3468 393 3508 tamen
404 3460 431 3508 h.
442 3459 460 3508 l.
472 3459 584 3508 maxime
595 3464 698 3523 propter
709 3473 816 3521 sequens
827 3460 931 3507 verbum
936 3458 1023 3521 facere
1033 3457 1092 3507 feni
1103 3457 1197 3520 nequit.
1212 3454 1324 3506 Comitia-

204 3527 237 3576 les
247 3543 306 3577 vero
319 3542 365 3590 pro
377 3526 493 3575 comitiali
507 3527 585 3575 inorbo
601 3526 735 3576 laborantes
746 3541 762 3574 a
774 3526 858 3576 Plinio
871 3526 1016 3589 saepissime
1028 3526 1119 3575 dicitur
1131 3522 1168 3585 (v.
1180 3527 1256 3575 index
1268 3540 1324 3574 ver-

202 3593 316 3657 borum),
329 3603 354 3643 et
364 3594 504 3643 intuentihus
513 3593 607 3657 populis
616 3591 688 3655 (coll.
699 3599 740 3654 31,
751 3591 813 3654 sa),
827 3595 896 3657 quod
908 3609 966 3643 cum
975 3593 1000 3641 vi
1012 3596 1123 3656 quadam
1136 3595 1166 3642 dc
1176 3594 1324 3656 spectatori·

202 3665 249 3713 bus
262 3662 443 3725 amphitheatri
454 3662 552 3722 dicitnr,
562 3662 644 3711 verbis
655 3676 724 3723 seqq.
743 3659 807 3723 qnod
815 3668 960 3724 spectare..
967 3659 1051 3708 horror
1060 3668 1094 3708 est
1104 3662 1204 3722 egregie
1216 3661 1323 3724 opponi-

203 3740 251 3782 tur.
269 3728 303 3778 ud
314 3728 443 3779 comitiales
454 3731 552 3789 morbos,
563 3731 597 3779 Κ.
616 3770 648 3777 -
666 3727 715 3788 Ad,
728 3729 762 3778 V.
776 3768 807 3776 -
824 3729 926 3788 sorbere,
943 3721 1021 3777 ORd.
1038 3729 1124 3788 sebae,
1136 3729 1170 3776 V.
1187 3727 1284 3787 sorberi,
1295 3723 1324 3787 β.

202 3814 299 3859 minere,
312 3800 343 3847 T.
363 3838 394 3846 -
412 3814 489 3858 unam,
506 3798 589 3848 VRd.
609 3837 640 3846 ..
658 3812 709 3844 cunr
719 3795 874 3858 ,serarum
893 3797 974 3846 omitt.
990 3797 1057 3846 Ru.
1076 3836 1107 3845 ..
1124 3811 1162 3856 ne,
1180 3797 1253 3846 codd.
1267 3796 1324 3847 Gel.

203 3882 276 3925 omne,
289 3866 368 3915 VR².
387 3863 440 3913 huic
451 3881 488 3926 ne,
500 3866 531 3915 Τ.
545 3906 576 3913 ..
596 3862 701 3927 qnidam,
713 3864 739 3913 V
752 3880 786 3913 ex
797 3867 895 3914 emend.
909 3904 940 3913 ..
959 3864 1062 3927 onasus,
1074 3865 1100 3912 V
1108 3863 1147 3913 ’ΖΒ
1158 3862 1204 3926 (ex
1217 3860 1294 3924 corr.)
1308 3865 1325 3912 d

204 3932 288 3996 (codd.
299 3930 368 3996 Gal.)
387 3949 488 3992 mamus,
498 3933 536 3982 V¹
546 3930 603 3993 (uhi
614 3948 630 3980 u
642 3947 675 3981 ex
687 3949 700 3980 o
711 3940 837 3981 mutatum
848 3928 966 3993 videtur).
984 3948 1029 3980 ora
1040 3947 1096 3993 nos,
1107 3925 1163 3982 θΤ.
1181 3931 1252 3981 Idem
1264 3932 1291 3980 in
1300 3932 1325 3980 R

204 4001 280 4051 luisse
292 4003 399 4051 videtur.
419 4041 450 4049 -
468 3999 580 4058 lontano,
592 4000 618 4049 V
631 3996 717 4060 (codd.
731 3997 800 4061 Gel.)
818 3998 940 4060 humanus,
956 3992 1064 4050 ORTd.

238 4072 252 4132 ξ
266 4075 289 4118 5.
306 4068 607 4131 Nec-membrorumque,
621 4083 671 4116 om.
684 4069 729 4117 R'.
743 4109 773 4117 ..
792 4084 884 4132 sapore,
894 4068 928 4117 V.
942 4108 972 4116 -
987 4065 1133 4131 persequuti,
1145 4068 1178 4115 V.
1195 4108 1225 4115 ..
1243 4082 1325 4130 usqne,

205 4137 287 4186 omitt.
304 4138 385 4188 VRd.
410 4178 440 4185 -
468 4132 603 4200 resipnrinc,
619 4135 651 4184 R.
676 4177 705 4184 -
734 4133 854 4195 medicine,
871 4139 894 4186 d.
919 4176 949 4184 ..
976 4134 1080 4199 eprepia,
1097 4136 1128 4184 R.
1155 4133 1277 4198 epraeqia,
1289 4136 1324 4184 V.

203 4203 294 4268 qratia,
311 4206 335 4254 d.
355 4245 385 4252 -
409 4201 534 4263 Hercules,
550 4204 635 4254 VRd.
661 4201 771 4265 Hercule,
787 4198 837 4270 βγ.
860 4244 892 4253 ..
911 4201 1067 4265 frustratione,
1082 4202 1114 4251 R.
1134 4241 1164 4250 ..
1189 4210 1253 4262 exta
1270 4203 1323 4253 Rc.

205 4270 335 4332 eshw,V.
355 4313 385 4320 -
412 4269 526 4332 Osthane,
545 4273 580 4320 ita
597 4287 644 4320 nos
661 4272 813 4336 scripsimus.
843 4269 938 4332 Ostnnq
954 4269 1060 4318 Vtar.
1087 4276 1185 4329 osunta,
1201 4265 1322 4333 V²ddpn
