2918 4800
452 319 522 365 ara.
539 273 643 366 axin.
674 315 752 364 cnr.
768 317 791 365 1.
822 314 921 364 sacr.
939 317 1020 361 raa.
1273 299 1292 362 9

170 470 246 536 dida
267 479 323 535 aut
343 470 437 559 nigra
458 479 513 534 aut
533 469 618 535 inter
640 480 821 553 utrumque,
843 467 969 552 aliaque
990 464 1163 552 exquibus
1182 467 1293 533 vinum

170 573 240 651 liat,
270 571 333 637 alia
355 593 396 638 ex
417 571 536 657 quibus
557 594 688 658 passum
695 595 704 647 3
735 592 812 636 cura
832 568 1028 635 differentias
1049 568 1292 636 innumerabilis

170 674 258 740 facit.
280 673 319 738 In
341 672 471 758 plenum
493 694 571 761 ergo
592 673 672 738 baec
694 670 817 738 dixisse
836 671 1014 738 conveniat.
1035 669 1184 737 Mustum
1198 693 1292 738 omne

170 774 334 840 stomacho
354 773 476 853 inutile,
498 774 588 840 venis
610 773 801 850 iucundum3
831 794 851 837 a
872 772 1008 839 balineis
1030 773 1147 858 raptim
1169 784 1202 839 et
1224 773 1292 839 sine

169 873 430 961 interspiratione
444 886 556 962 potum
575 885 684 952 necat3
707 873 928 941 cantharidum
948 885 1081 938 naturae
1095 874 1292 953 adversatur,

169 977 246 1042 item
268 976 484 1063 serpentibus,
507 1000 655 1043 maxume
675 976 886 1042 haemorroidi
909 987 941 1042 et
963 976 1193 1042 salamandrae.
1225 972 1291 1042 Ca·
1306 992 1340 1038 so

171 1078 248 1164 pitis
269 1077 395 1144 dolores
417 1078 514 1156 lacit,
544 1090 577 1144 et
598 1078 721 1166 gutturi
742 1077 871 1157 inutile3
901 1076 1035 1164 prodest
1047 1075 1190 1155 renibus,
1212 1076 1292 1142 ioci-

170 1178 241 1244 neri
263 1191 296 1245 et
317 1179 491 1246 interaneis
512 1179 654 1257 vesicae3
678 1180 823 1247 conlevat
842 1179 927 1245 enim
942 1201 988 1244 ea.
1010 1177 1169 1244 Privatim
1183 1191 1294 1244 contra

170 1280 348 1368 buprestim
370 1283 466 1361 valet,
488 1293 598 1348 contra
619 1282 814 1363 meconium,
841 1280 934 1347 lactis
956 1280 1224 1370 coagulationem,
1246 1280 1293 1347 ci-

170 1394 286 1462 cutam,
309 1384 425 1475 toxica,
448 1384 650 1469 dorycnium,
674 1406 715 1450 ex
735 1383 805 1450 oleo
826 1395 938 1471 potum
952 1383 1175 1468 redditumque
1189 1382 1292 1451 vomi·

171 1484 323 1551 tionibus.
344 1485 400 1550 Ad
415 1486 520 1552 omnia
535 1485 691 1551 infirmius
709 1486 828 1564 album,
850 1484 1024 1550 iucundius
1038 1485 1125 1572 passi
1140 1496 1293 1564 mustum,

171 1597 203 1651 et
224 1587 311 1672 quod
332 1586 487 1653 minorem
510 1589 623 1674 capitis
645 1588 785 1653 dolorem
808 1587 943 1652 adferat.

213 1687 264 1752 19.
293 1685 373 1752 Vini
399 1710 520 1777 genera
541 1688 803 1774 differentiasque
824 1710 980 1774 perquam
1001 1689 1118 1754 multas
1140 1687 1292 1776 exposui·
1306 1704 1337 1750 sl

171 1810 242 1853 mus
264 1797 296 1853 et
317 1789 386 1855 fere
407 1790 565 1875 cuiusque
586 1790 817 1878 proprietatem
840 1812 944 1875 neque
967 1782 1026 1856 est
1038 1791 1104 1856 ulla
1118 1814 1193 1877 pars
1207 1790 1292 1856 diffi-

171 1887 259 1954 cilior
280 1902 419 1956 tractatu
440 1902 495 1957 aut
515 1892 730 1972 numerosior,
758 1892 879 1979 quippe
901 1915 974 1957 cum
996 1892 1038 1957 sit
1059 1893 1185 1958 tardum
1207 1893 1294 1957 dictu

170 1989 318 2075 pluribus
344 1993 447 2079 prosit
474 2017 515 2058 an
540 2006 663 2060 noceat.
696 1995 868 2059 Praeterea
893 2015 991 2078 quam
1018 1993 1150 2078 ancipiti
1177 2004 1295 2058 eventu

170 2102 284 2176 potum
310 2094 418 2158 statim
445 2095 600 2160 auxilium
624 2096 661 2159 fit
682 2106 738 2160 aut
759 2094 933 2161 venenuml
967 2093 1098 2159 Etenim
1120 2094 1160 2159 de
1182 2104 1295 2159 natura

171 2192 213 2257 ad
223 2193 367 2258 remedia
382 2206 503 2260 tantum
519 2196 701 2282 pertinente
715 2219 801 2262 nunc
816 2195 985 2280 loquimur.
1004 2195 1115 2262 Unum
1131 2196 1171 2260 de
1185 2195 1293 2261 dando
1307 2211 1340 2257 ss

59 2306 62 2311 ’
170 2316 209 2360 eo
236 2295 386 2361 volumen
413 2296 624 2383 Asclepiades
651 2297 794 2362 condidit
822 2297 862 2365 ab
890 2320 927 2363 eo
949 2299 1208 2387 cognominatum
1237 2297 1294 2383 qui

169 2408 283 2482 postea
305 2420 381 2463 vero
403 2398 444 2464 de
464 2397 625 2464 volumine
646 2399 700 2464 illo
723 2399 917 2478 disseruere,
939 2399 1109 2466 innumeri.
1142 2397 1210 2466 Nos
1231 2400 1295 2466 ista

170 2496 315 2563 Romana
342 2499 501 2586 gravitate
533 2501 715 2584 artiumque
741 2501 919 2566 liberalium
947 2501 1132 2588 adpetentia
1165 2524 1229 2567 non
1257 2513 1294 2567 ut

170 2599 285 2664 medici
308 2599 364 2665 sed
386 2610 421 2664 ut
442 2600 566 2666 indices
595 2601 709 2667 salutis
737 2602 894 2667 humanae
921 2602 1093 2689 diligenter
1115 2602 1293 2691 distingue·

170 2723 252 2767 mus.
282 2699 335 2767 De
356 2700 533 2789 generibus
561 2701 698 2792 singulis
719 2702 876 2769 disserere
898 2702 1077 2769 inmensum
1100 2715 1133 2770 et
1153 2704 1292 2792 inexpli-

171 2800 271 2868 cabile
293 2812 342 2868 est
364 2802 566 2870 discordibus
587 2804 784 2872 medicorum
806 2805 985 2872 sententiis.

170 2990 232 3040 enin
242 2990 341 3041 colorem
354 2992 454 3059 amram,
466 2996 541 3046 codd.
552 2995 665 3046 Barbari.
687 3037 714 3046 ..
735 2995 838 3047 Mnus
849 2996 864 3058 ς
877 3001 918 3048 24.
938 3038 969 3047 ..
992 2995 1136 3062 Asperaque
1146 2997 1204 3058 sias,
1217 2999 1291 3049 codd.

170 3058 228 3110 Gal.
245 3059 375 3126 Asparapo
387 3061 445 3124 sias,
457 3077 480 3112 a.
498 3063 564 3113 cuius
575 3080 709 3129 asperaque
719 3064 813 3127 similes¹
826 3067 899 3116 codd.
911 3066 1024 3116 Barbari.

204 3142 272 3204 528.
291 3145 371 3208 buxeo,
384 3162 434 3197 om.
447 3162 470 3197 a.
489 3187 519 3196 -
539 3145 683 3213 dictam.
702 3190 733 3200 ..
752 3147 842 3209 sedern,
854 3167 877 3200 a.
896 3191 927 3200 ..
946 3157 989 3211 est,
1001 3165 1053 3200 om.
1066 3166 1089 3200 s.
1102 3190 1133 3200 -
1153 3149 1178 3198 in
1190 3148 1257 3211 ailla,
1270 3165 1291 3200 r.

171 3251 202 3261 -
220 3227 250 3260 ea
261 3212 368 3276 duxerit,
381 3229 472 3278 margo
483 3216 573 3266 Dalec.
591 3232 621 3265 eo
632 3215 736 3277 dnxwit,
749 3220 822 3269 codd.
834 3217 890 3268 Gal.
902 3211 932 3278 β.
950 3217 1100 3278 mannaim,
1114 3234 1136 3267 a.
1155 3217 1291 3277 exemerit,

170 3280 572 3411 aasabim
588 3323 619 3399 ῖ
630 3282 837 3413 ,ibidum
847 3281 1014 3411 {risibili
1027 3283 1142 3333 ΒΜ·
1169 3282 1293 3344 “wfim'

204 3433 219 3495 ξ
231 3438 273 3483 29.
291 3431 389 3496 uimque
400 3448 430 3482 ea
441 3386 672 3496 quibus-passast,
684 3433 759 3482 codd.
773 3432 829 3484 Gal.
848 3431 900 3481 als'ss
911 3448 941 3482 ea
951 3431 1004 3482 alsa
1016 3448 1045 3482 ex
1057 3433 1140 3498 quibas
1148 3449 1255 3498 posnan,
1268 3451 1292 3485 a.

171 3539 203 3550 ...
221 3497 318 3562 balneis,
330 3516 352 3551 a.
372 3541 404 3551 ..
421 3499 483 3561 sine;
500 3514 549 3564 pro
561 3499 587 3549 h.
599 3516 622 3550 v.
635 3500 711 3551 habat
722 3498 793 3548 simul
803 3516 826 3551 s.

204 3586 272 3648 580.
291 3599 340 3648 eos,
352 3601 376 3636 a

204 3666 273 3728 5³1.
291 3676 326 3718 est
336 3667 395 3732 ulla,
404 3669 459 3720 Vd.
477 3667 535 3732 ulla,
547 3664 617 3732 assr.
631 3711 662 3720 ..
680 3667 790 3734 arduam
802 3669 882 3722 Hard.
896 3710 927 3721 ...
942 3669 1125 3736 ροτιιηι,ἿΤᾶ.
1140 3677 1207 3734 pots,
1220 3665 1291 3737 ιβγ.

171 3774 204 3787 ..
221 3734 319 3798 cunilae,
331 3739 362 3787 T.
381 3777 412 3787 ..
431 3753 492 3800 qaue
502 3735 538 3786 ad
548 3735 653 3787 remedia
665 3745 754 3787 tantum
763 3738 873 3803 pertinet,
884 3754 904 3788 r.

205 3822 273 3884 532.
296 3818 377 3872 dando
388 3836 422 3883 eo,
434 3823 510 3872 Vad.
537 3820 617 3871 dando
628 3830 658 3883 et,
669 3819 745 3887 dpp.
773 3821 860 3883 dando,
871 3818 901 3883 β.
920 3863 952 3872 ..
974 3819 1157 3885 copnominatus,
1170 3820 1254 3888 addp
1261 3838 1291 3888 φ.

170 3887 347 3952 ecpnominatsi,
359 3890 393 3939 V.
419 3888 613 3954 eopnominutam,
624 3885 676 3955 βγ.
699 3890 737 3940 Ae
752 3904 812 3939 cum
827 3891 878 3939 hoc
895 3891 926 3939 ds
938 3889 1073 3951 volumine,
1086 3892 1154 3953 quod
1167 3898 1248 3941 totum
1260 3892 1292 3942 de

170 3955 222 4005 vini
244 3971 291 4005 usu
308 3956 407 4007 medico
424 3959 489 4021 agit,
512 3973 564 4009 nou
586 3958 634 4008 nisi
651 3958 735 4022 inepta
753 3959 802 4008 dici
820 3957 912 4022 possit,
935 3958 1051 4008 codicum
1067 3959 1181 4024 quamvis
1198 3958 1292 4024 partim

170 4023 277 4073 minoris
294 4023 389 4074 ordinis
405 4025 556 4089 scripturam
572 4024 765 4090 praeferendam
782 4027 856 4086 duxi,
874 4031 903 4074 nt
918 4025 969 4075 iam
985 4035 1076 4091 agatur
1091 4028 1123 4077 de
1139 4025 1292 4090 cognomine

170 4090 232 4139 hine
247 4090 393 4156 Asclepiadi
408 4092 477 4142 dieto
493 4093 565 4143 nobis
581 4107 650 4142 nuuc
660 4093 800 4157 incognito.
820 4132 851 4142 ..
876 4099 960 4156 postea
976 4109 1037 4156 aero,
1050 4095 1105 4145 Vd.
1132 4109 1186 4144 vero
1199 4102 1291 4158 posteo,

171 4152 241 4222 αβγ.
265 4164 382 4222 oeropost
394 4155 466 4220 sliam,
478 4160 509 4210 T.
529 4201 560 4210 ..
585 4157 707 4220 volumine,
728 4160 873 4210 deletPiut.
895 4199 922 4208 -
943 4159 1067 4223 innumeri,
1079 4161 1140 4212 ΤΚ.
1160 4160 1290 4222 innurem

171 4220 293 4291 Vadfir.
319 4222 432 4275 condidit.
453 4225 493 4275 Aa
509 4242 535 4276 eo
595 4226 711 4277 nominati
720 4226 762 4291 qai
770 4235 854 4292 postea
862 4227 944 4291 fuere,
960 4226 1290 4289 dswlamins-innsssera,

172 4288 252 4343 (iton.
271 4334 301 4343 ..
320 4291 425 4355 amaa,
437 4293 470 4344 V.
491 4335 520 4344 -
540 4293 564 4343 in
588 4294 593 4307 '
628 4287 679 4357 ,0.
698 4293 794 4356 iads'ees,
807 4290 929 4361 Vadssr.
951 4335 975 4345 -
998 4295 1169 4362 distinpaimss,
1182 4312 1204 4347 s.
