2918 4800
423 322 493 370 mn.
508 322 612 369 xxm.
641 321 718 369 cue.
735 323 771 369 η.
801 321 899 369 saer.
915 324 997 367 aar.
1228 308 1266 370 19

147 474 359 560 Asclepiades
387 474 596 562 coarguitque
603 497 612 550 ;
640 496 714 538 nam
741 473 838 538 etiam
864 474 898 538 in
927 472 1072 540 febribus
1098 473 1266 550 databant3

146 576 307 663 profuisse
330 588 435 642 tamen
457 577 597 641 fatentur
620 585 732 641 contra
753 576 909 662 serpentis
932 596 1013 660 quas
1037 597 1130 661 sepas
1151 588 1268 645 vocant

146 686 179 744 el
200 688 311 742 contra
332 677 512 743 meconium
535 699 573 742 ac
595 675 719 742 viscum
741 687 773 742 et
791 676 921 763 anginis
937 677 1064 742 caldum
1079 677 1266 765 gargariza-

147 790 216 844 tum
238 791 269 843 et
291 778 434 858 auribus,
458 779 523 845 oris
545 778 752 864 gutturisque
771 777 950 857 desideriis,
966 800 1048 865 quae
1061 800 1147 843 nunc
1160 780 1268 844 omnia

146 881 271 946 oxalme
294 881 501 967 contingunt,
525 880 611 945 idem
632 880 697 945 sale
720 890 752 945 et
773 890 863 945 aceto
885 890 1011 945 recente
1033 879 1204 946 efficacius.

188 982 240 1046 30.
263 981 351 1046 Vino
364 993 502 1070 cognata
515 1004 567 1046 res
588 1004 666 1068 sapa
686 992 745 1059 est,
767 991 871 1048 musto
892 982 1035 1060 decocto,
1056 981 1158 1046 donec
1173 981 1268 1046 tertie
1281 997 1313 1043 oa

145 1105 222 1168 pars
244 1083 400 1168 supersit3
424 1105 464 1148 ex
486 1082 559 1149 albo
580 1083 640 1149 hoc
663 1083 785 1148 melius.
807 1082 898 1148 Usus
920 1094 1032 1148 contra
1054 1083 1267 1161 cantharidas,

146 1183 341 1270 buprestim,
372 1185 522 1270 pinorum
543 1205 660 1250 urucas
681 1205 762 1268 quas
783 1184 1006 1271 pityocampas
1028 1195 1155 1263 vocant,
1184 1184 1268 1249 sala-

145 1285 311 1363 mandras,
348 1297 459 1351 contra
486 1286 665 1351 mordentia
693 1296 855 1350 venenata.
894 1284 1062 1351 Secundae
1090 1297 1267 1372 partusque

145 1398 308 1452 emortuos
330 1387 428 1452 trahit
449 1409 523 1453 eum
544 1387 652 1454 bulbis
673 1399 795 1474 potum.
818 1388 984 1454 Fabianus
1006 1399 1117 1452 auctor
1139 1397 1189 1451 est
1211 1407 1267 1451 ve·

144 1510 263 1552 uenum
285 1511 367 1567 esse,
390 1489 417 1553 si
438 1490 511 1573 quis
532 1489 659 1554 ieiunus
681 1513 700 1553 a
720 1489 856 1554 balineis
878 1489 912 1553 id
933 1489 1031 1555 bibat.

186 1591 239 1653 31.
262 1586 472 1675 Consequens
493 1591 607 1656 horum
628 1600 675 1656 est
693 1590 767 1656 faex
783 1591 832 1656 sui
847 1591 1002 1674 cuiusque
1016 1589 1152 1676 generis.
1176 1585 1268 1674 Ergo
1281 1604 1313 1651 aa

144 1688 211 1754 vini
233 1690 316 1756 faeci
338 1702 428 1757 tanta
449 1693 501 1758 vis
524 1703 630 1758 estut
651 1692 873 1758 descendentis
893 1692 927 1756 in
942 1713 1043 1778 cupas
1058 1700 1185 1768 enecet3
1209 1711 1267 1755 ex-

143 1792 356 1876 perimentum
385 1794 524 1859 demissa
550 1794 680 1881 praebet
706 1793 838 1859 lucerna
863 1794 1017 1879 quamdiu
1043 1793 1268 1880 exstinguatur

143 1893 321 1978 periculum
351 1896 551 1961 denuntians.
592 1896 698 1961 Inlota
724 1896 878 1962 miscetur
905 1894 1163 1972 medicamentis,
1194 1917 1268 1960 cum

143 1992 234 2059 iridis
262 2018 338 2060 vero
365 1997 435 2081 pari
461 1997 605 2083 pondere
638 1997 861 2082 eruptionibus
890 1996 1027 2082 pituitae
1059 1996 1203 2059 inlinitur
1236 2004 1268 2060 et

143 2095 229 2162 sicca
249 2097 300 2161 vel
321 2096 451 2161 madida
471 2107 581 2162 contra
601 2096 773 2182 phalangia
792 2106 824 2160 et
843 2095 972 2162 testium
986 2118 1259 2180 mammarumque

143 2195 383 2262 inflammationi
412 2199 462 2263 vel
487 2198 520 2262 in
548 2219 749 2282 quacumque
775 2208 868 2284 parte
897 2197 1057 2284 corporis,
1085 2197 1162 2262 item
1189 2218 1262 2261 cum

145 2418 203 2457 curu
214 2412 298 2456 toturn
310 2405 422 2470 oxymeli
434 2407 574 2468 damnaret,
584 2409 652 2471 quod
664 2405 706 2457 alii
718 2407 784 2457 adeo
796 2406 822 2456 in
834 2405 946 2458 febribus
958 2407 1134 2469 debant,unde
1145 2420 1189 2456 eos
1201 2420 1265 2470 oxy·

144 2472 204 2521 meli
221 2474 346 2536 primariis
362 2476 551 2525 medicamentis
568 2478 746 2527 adnumerasse
762 2483 875 2539 apparet,
897 2476 964 2525 idem
980 2484 1065 2525 tamen
1082 2476 1109 2525 iu
1125 2475 1266 2525 minoribus

144 2541 241 2590 morbis
253 2542 365 2605 oxymeli
377 2541 500 2605 profuisse
512 2542 646 2603 fatebatur,
664 2544 732 2606 quod
749 2545 855 2592 verbum
872 2558 932 2592 sane
945 2545 975 2592 de
988 2543 1140 2606 Asclepiade
1152 2542 1264 2606 oxymeli

145 2606 172 2657 in
189 2614 273 2658 totum
289 2611 432 2670 damnante,
451 2624 533 2673 neque
544 2625 605 2660 vero
619 2612 650 2660 de
662 2612 718 2660 aliis
730 2611 835 2660 medicis
847 2625 953 2673 magnas
964 2611 987 2659 ei
999 2611 1087 2660 laudes
1098 2610 1266 2661 tribuentibus

145 2676 195 2724 dici
207 2684 300 2740 potest.
319 2716 351 2727 ..
368 2693 435 2739 quos,
447 2680 472 2727 d.
491 2717 522 2727 ..
540 2677 643 2742 capiare,
659 2671 762 2729 OVad.
781 2677 891 2743 capiam,
902 2673 932 2739 β.
944 2718 976 2729 ..
988 2675 1090 2738 coldum,
1106 2671 1135 2726 θ.
1152 2674 1265 2737 calidum,

145 2736 269 2807 Vadssr.
294 2784 325 2793 ..
349 2743 405 2803 orr'a,
421 2744 476 2794 Vd.
504 2752 527 2793 et
543 2746 598 2806 oria,
615 2740 685 2810 αβγ.
710 2786 741 2795 ..
767 2743 867 2802 oxelare,
883 2745 999 2796 Dioscor.
1013 2750 1036 2806 5,
1050 2751 1091 2795 22.
1113 2742 1229 2810 oxyalme,
1241 2760 1264 2793 a.

145 2807 255 2869 mutae
270 2813 294 2860 d.
317 2810 449 2876 oxylalme,
465 2813 498 2862 V.
522 2854 554 2863 -
581 2811 649 2873 rilem,
665 2814 719 2864 Td.
742 2810 827 2875 idest,
843 2814 878 2863 V.
901 2810 934 2874 id,
951 2807 1022 2877 adr.
1049 2828 1079 2861 ea
1094 2811 1145 2861 aule
1160 2819 1184 2861 et
1199 2819 1265 2861 aceto

144 2885 235 2925 recente
250 2877 371 2941 efficacior
386 2887 427 2941 eat,
439 2881 485 2930 K¹.
510 2881 553 2931 Fit
567 2879 626 2942 eale,
644 2897 710 2944 aquo
725 2889 748 2930 et
764 2889 838 2931 aceto.
860 2880 953 2931 Recens
969 2879 1093 2943 efficacior
1108 2881 1213 2942 331,Κὲ
1232 2919 1264 2930 .-

144 2943 274 3006 Μω,
285 2945 362 2996 Vad.
380 2948 502 3011 efficaciae
513 2956 554 3007 eat,
566 2943 616 3012 βγ.

178 3047 247 3109 §62
271 3046 415 3111 Vmoqnota,
427 3049 461 3098 V.
481 3089 511 3098 ..
531 3046 634 3110 decocta,
647 3050 694 3098 V'.
713 3090 744 3099 ..
768 3048 827 3098 llaec
843 3047 977 3112 melior,K.
1001 3090 1033 3098 ..
1055 3047 1180 3113 buprestim
1194 3048 1264 3111 pino·

144 3129 204 3172 rum,
221 3116 245 3162 d.
263 3115 403 3178 buprocstim
417 3116 536 3179 pinorum,
552 3118 586 3165 V.
613 3115 805 3180 buprestinorum,
822 3133 844 3168 a.
869 3158 901 3166 ..
923 3132 1017 3176 mcor,
1039 3118 1075 3166 ita
1095 3132 1142 3167 nos
1164 3117 1264 3179 scripsi·

144 3197 210 3242 mus,
232 3184 299 3245 quia,
319 3183 473 3248 ubicumque
489 3184 556 3236 Plin.
573 3187 604 3234 de
620 3184 758 3235 vermiculo
774 3184 894 3248 loquitur,
918 3199 993 3232 uruca
1009 3198 1091 3247 neque
1107 3199 1179 3232 eruca
1195 3184 1264 3234 dicit.

144 3264 236 3311 mcor,
252 3245 375 3315 Vadssr.
398 3291 430 3300 ..
453 3259 542 3312 contra,
555 3255 578 3302 d.
602 3268 662 3314 quaa
674 3251 795 3315 pityocom
856 3257 941 3300 vacuat
956 3257 1046 3310 corba,
1062 3251 1088 3301 V
1104 3249 1197 3311 (tribus
1212 3250 1264 3300 illis

144 3317 226 3367 verbis
238 3333 252 3368 e
264 3319 384 3381 superiori
397 3319 464 3368 mala
476 3317 608 3382 repetitis).
626 3326 649 3367 et
659 3327 751 3378 contra,
763 3268 841 3382 ad?
846 3358 877 3367 ..
896 3324 1019 3376 emortuos,
1031 3317 1076 3366 ad.
1094 3323 1204 3373 mortum,
1213 3317 1263 3366 Vr.

144 3387 368 3503 ᾗροωνῌαὲ.
387 3392 454 3449 potu,
469 3377 498 3434 θ.
517 3392 584 3448 pote,
597 3386 629 3436 Κ.
655 3425 686 3435 ..
709 3381 1073 3446 rememoraturus.
1090 3379 1264 3442 abolimentia,

192 3487 248 3502 ...
266 3467 327 3514 eam,
365 3488 371 3501 .

178 3551 193 3613 ς
206 3556 247 3601 63.
261 3551 335 3614 seer,
347 3553 386 3601 ed
398 3550 525 3613 (Murbec
538 3568 577 3618 ap.
590 3551 696 3604 comer.
709 3553 741 3602 ad
752 3552 869 3602 Dioscor.
883 3557 906 3612 5,
919 3548 974 3613 33.)
986 3552 1043 3618 scr,
1055 3551 1119 3602 VT.
1136 3549 1186 3600 viai
1191 3551 1264 3614 saer,

143 3609 194 3681 βγ.
212 3618 253 3667 De
269 3634 296 3668 re
314 3635 337 3668 v.
349 3621 466 3670 Dioscor.
480 3626 503 3682 b,
520 3626 575 3671 131.
586 3662 616 3670 -
626 3620 665 3669 sei
674 3619 790 3684 ruinaque,
801 3620 876 3670 VTd
893 3617 1032 3684 (Murbac.)
1049 3617 1101 3668 viai
1109 3617 1150 3667 cui
1192 3633 1227 3680 ue,
1239 3633 1263 3667 a.

143 3683 262 3748 maeque,
274 3701 316 3750 rr.
339 3688 373 3737 V.
386 3689 462 3741 war.
475 3689 508 3739 ad
520 3689 581 3740 Tac.
593 3688 681 3751 Agric.
693 3703 718 3751 p.
731 3692 789 3738 333.
808 3728 840 3737 ..
853 3687 915 3752 faci,
927 3689 1042 3739 Murbac.
1055 3685 1159 3749 scrabra,
1200 3686 1263 3736 VT.

135 3751 314 3814 succiduaad.
338 3795 369 3804 ..
394 3753 501 3815 dimissa,
514 3772 537 3805 a.
559 3796 590 3805 ..
612 3755 804 3818 praebetVad.
827 3753 937 3815 rabitur,
949 3771 969 3804 r.
993 3793 1024 3805 ...
1064 3752 1262 3813 ericulum,Ved

143 3816 231 3881 (codd.
244 3819 315 3885 Gal.)
326 3820 481 3872 descensione
488 3821 627 3888 perieulum,
639 3823 754 3873 Murbac.
773 3863 805 3871 ..
823 3819 971 3881 macutum,
984 3822 1007 3872 d.
1043 3819 1143 3882 andana,
1155 3821 1187 3870 V.
1206 3820 1262 3870 den·

144 3883 223 3947 duab,
239 3903 262 3936 a.
286 3930 317 3939 -
347 3889 485 3951 indnuntur,
504 3890 572 3940 Vad
593 3903 627 3939 ex
647 3889 842 3953 interpolatione
858 3888 1026 3950 librariorum,
1047 3889 1090 3952 qui
1107 3888 1133 3938 h.
1151 3888 1167 3937 l.
1184 3887 1262 3940 falsae

143 3953 260 4006 lectionis
272 3956 384 4018 foecibus
399 3959 466 4008 mele
481 3971 607 4007 memores
624 3964 705 4018 erant,
722 3956 882 4007 immemores
899 3970 959 4007 vero
976 3957 1003 4005 ln
1018 3970 1058 4006 rr.
1075 3954 1263 4006 enecet-illoto

143 4021 361 4072 meatur-aiere
370 4023 407 4074 vel
414 4022 515 4072 madido
524 4033 549 4074 et
558 4025 620 4076 aliis.
628 4022 855 4086 „irfiommotioni
868 4025 905 4074 ita
914 4038 960 4073 noa
970 4023 1122 4089 scripsimus.
1135 4021 1263 4086 inflationi,

147 4079 278 4141 avrea.
295 4090 500 4154 inflammationes,
511 4087 541 4152 β.
558 4089 699 4154 inflationes,
711 4105 736 4154 γ.
749 4130 780 4140 -
793 4090 830 4140 uel
840 4090 866 4139 ia
877 4106 1024 4155 quocumque
1032 4098 1103 4155 porte
1114 4089 1227 4154 corporis,
1239 4106 1262 4141 a.

143 4154 181 4204 ael
191 4155 216 4204 iu
227 4173 373 4221 quacumque
384 4157 506 4221 inflatione
517 4157 554 4207 vel
564 4157 589 4206 ia
601 4172 746 4221 quocumque
755 4164 826 4219 porte
837 4157 949 4223 corporis,
961 4159 1016 4210 Vd.
1035 4156 1072 4207 uel
1082 4157 1107 4206 in
1118 4172 1263 4221 quocumque

143 4221 316 4286 ιἰςβαῑὼηεεω
327 4225 351 4273 in
362 4241 508 4289 quacumque
516 4233 587 4288 perta
598 4223 711 4289 corporis,
722 4226 753 4274 T.
1043 4292 1059 4325 ι
