2918 4800
186 297 247 359 336
538 308 742 356 aerumma
764 307 959 357 nrsroarsn

179 471 355 528 contentus
378 469 480 536 esset3
505 479 641 523 sexcena
663 461 747 524 enim
769 459 831 525 sibi
852 473 988 545 quaestu
1008 462 1097 527 urbis
1112 463 1210 529 fnisse
1226 487 1306 531 enu-

185 562 316 629 meratis
332 561 480 626 domibus
496 559 694 624 ostendebat.
717 561 782 625 Par
797 572 829 626 et
844 562 934 625 fratri
951 563 1020 627 eius
1034 585 1156 629 merces
1171 589 1190 628 a
1206 563 1335 631 Clau-s

185 666 238 731 dio
261 663 400 730 Caesare
422 661 530 725 infusa
551 670 612 739 est,
635 684 815 746 censusque
830 685 1022 747 quamquam
1038 664 1184 731 exhausti
1198 668 1305 753 operi-

185 766 246 831 bus
268 763 404 850 Neapoli
426 772 581 827 exornata
595 761 706 827 heredi
726 760 799 828 HS.
822 785 880 829 coc
901 765 1072 849 reliquere,
1095 779 1250 849 quantum
1265 769 1307 833 ad

184 890 254 933 eam
280 875 418 930 aetatem
444 862 621 930 Arruntius
650 864 745 929 solus.
782 863 927 930 Exortus
960 866 1075 931 deinde
1103 877 1152 932 est
1177 868 1306 934 Vettius

185 969 305 1035 Valens
328 965 484 1031 adulterio
506 964 702 1030 Messalinae
725 963 843 1031 Claudi
868 950 1021 1032 Caesaris
1039 968 1224 1034 nobilitatus
1246 993 1305 1056 pa·

183 1073 321 1153 riterque
345 1067 544 1150 eloquentiae
565 1066 767 1142 adsectator3
789 1067 818 1131 is
840 1079 872 1131 et
893 1069 1069 1151 potentiam
1090 1079 1225 1135 nanctus
1246 1093 1306 1135 no·

183 1194 257 1236 vam
283 1169 422 1234 instituit
448 1178 576 1232 sectam.
613 1165 737 1232 Eadem
770 1178 859 1233 aetas
885 1168 1024 1234 Neronis
1053 1171 1236 1256 principatu
1264 1174 1334 1237 ada

183 1272 375 1337 Thessalum
397 1269 567 1333 transilivit
589 1268 749 1334 delentem
772 1280 887 1335 cuncta
908 1270 1027 1355 placita
1055 1281 1087 1335 et
1114 1271 1202 1336 rabie
1223 1295 1304 1357 qua-

183 1374 257 1437 dam
279 1372 312 1435 in
335 1371 439 1435 omnis
460 1371 531 1435 aevi
552 1371 696 1437 medicos
718 1382 930 1458 perorantem,
954 1372 1041 1456 quali
1062 1373 1234 1457 prudentia
1254 1375 1305 1438 in·

183 1475 355 1564 genioque,
378 1472 550 1538 aestumari
572 1473 624 1536 vel
644 1495 709 1537 uno
730 1485 920 1560 argumento
941 1475 1070 1540 abunde
1092 1485 1208 1560 potest,
1231 1499 1305 1542 cum

182 1577 376 1642 monimento
400 1595 457 1638 suo
480 1573 566 1657 quod
581 1583 630 1638 est
643 1573 753 1659 Appia
776 1574 828 1639 via
842 1573 1017 1639 iatronicen
1040 1597 1073 1640 se
1095 1577 1305 1663 inscripserit.

182 1677 311 1742 Nullius
337 1675 529 1741 histrionum
559 1697 777 1759 equorumque
807 1676 920 1762 trigari
948 1678 1126 1743 comitatior
1154 1701 1305 1766 egressus

182 1779 216 1842 in
238 1777 369 1863 publico
392 1788 470 1854 erat,
494 1799 566 1841 cum
590 1774 708 1842 Crinas
729 1775 944 1842 Massiliensis
966 1790 1036 1844 arte
1064 1779 1242 1866 geminata,
1270 1791 1306 1843 ut
1379 1808 1382 1812 ·

183 1880 307 1945 cautior
328 1879 581 1966 religiosiorque,
605 1879 646 1942 ad
668 1879 810 1943 siderum
832 1889 938 1944 motus
953 1902 993 1943 ex
1009 1880 1214 1965 ephemeride
1236 1904 1305 1946 ma·

182 1981 353 2047 thematica
374 1979 463 2045 cibos
486 1979 592 2044 dando
613 1979 772 2064 horasque
795 1981 997 2047 observando
1020 1983 1210 2049 auctoritate
1232 2005 1305 2048 eum

181 2083 358 2170 praecessit
366 2109 375 2161 3
391 2104 556 2168 nuperque
572 2082 755 2146 sestertium
768 2103 787 2146 o
802 2082 941 2167 reliquit,
964 2084 1064 2148 muris
1078 2084 1202 2170 patriae
1216 2107 1305 2149 moe·

180 2187 340 2269 nibusque
362 2185 432 2249 ahis
454 2207 556 2269 paene
577 2206 641 2248 non
663 2183 777 2248 minori
799 2207 923 2249 summa
937 2186 1119 2250 exstructis.
1143 2185 1189 2250 Hi
1209 2209 1304 2274 rege·
1321 2202 1352 2246 10

181 2289 259 2353 hant
280 2288 356 2364 fata,
380 2309 452 2350 oum
467 2296 599 2371 repente
615 2285 774 2350 civitatem
795 2283 945 2351 Charmis
968 2309 1009 2351 ex
1032 2287 1143 2352 eadem
1156 2287 1305 2352 Massilia

181 2389 302 2455 invasit
323 2387 482 2452 damnatis
504 2409 568 2451 non
592 2388 694 2452 solum
715 2387 876 2473 prioribus
905 2388 1037 2454 medicis
1058 2411 1170 2454 verum
1193 2400 1223 2453 et
1244 2390 1303 2455 ha-

181 2491 275 2556 lineis
304 2489 486 2576 frigidaque
519 2488 612 2552 etiam
639 2487 782 2554 hibernis
809 2489 973 2575 algoribus
1001 2489 1101 2555 lavari
1128 2491 1303 2576 persuasit3

182 2593 293 2658 mersit
315 2614 429 2678 aegros
451 2592 483 2654 in
505 2591 613 2666 lacus3
636 2589 825 2655 videbamus
848 2613 941 2656 senes
962 2593 1139 2658 consularis
1153 2614 1255 2676 usque
1269 2592 1304 2656 in

215 2816 319 2859 sescena,
336 2801 398 2851 VR.
416 2843 447 2850 -
467 2800 614 2860 enumeratis,
626 2800 710 2850 VRd.
728 2801 864 2862 numeratis,
875 2797 927 2866 βγ.

216 2867 231 2928 ξ
245 2875 268 2919 8.
286 2869 371 2931 effrrsa,
383 2869 415 2918 K.
436 2910 466 2918 ..
485 2867 594 2917 exhausti
605 2868 721 2931 operibus,
734 2871 806 2919 codd.
820 2869 876 2920 Gel.
889 2879 914 2918 et
925 2871 1024 2919 Budaei
1036 2871 1068 2919 ds
1080 2885 1135 2919 asse
1147 2885 1172 2932 p.
1185 2875 1242 2919 245.
1262 2885 1303 2917 er-

182 2934 263 2984 hausti
273 2936 358 3000 operis,
370 2937 405 2985 Βι
413 2940 437 2987 d.
455 2936 551 2985 ernusti
561 2936 646 2999 operis,
658 2936 692 2985 V.
711 2935 831 2985 exhaustis
842 2937 927 3000 operis,
943 2930 970 2986 θ.
989 2936 1099 2985 exhausti
1108 2953 1189 3000 opera,
1197 2938 1246 2986 3².
1263 2953 1304 2984 eu·

182 3002 273 3052 haustis
284 3004 372 3067 opshus,
383 3020 403 3053 r.
417 3046 448 3054 -
461 3002 568 3067 Neapoli
577 3011 700 3063 exornata,
709 3004 785 3055 VRd
799 3002 885 3066 (codd.
899 3004 956 3056 Gel.
969 3012 995 3054 et
1006 3003 1124 3066 Budaei).
1138 3003 1264 3067 Neapolis,
1274 2999 1303 3054 θ.

183 3113 215 3121 -
226 3071 282 3123 Hs.
299 3070 368 3133 CCC,
381 3075 455 3125 codd.
469 3072 525 3123 Gel.
543 3072 588 3121 sti.
600 3071 655 3133 ceci,
668 3073 701 3122 V.
720 3070 766 3120 hs.
779 3088 801 3121 u.
817 3069 900 3133 CCCI,
914 3075 937 3122 d.
951 3071 1007 3123 Hs.
1021 3071 1141 3120 trecenties
1153 3080 1249 3120 centena
1260 3073 1304 3120 mi·

183 3138 225 3201 lia,
238 3141 263 3189 R
274 3138 312 3202 (l)
324 3136 374 3204 βγ.
393 3182 425 3190 ..
443 3148 557 3204 quantum
573 3138 608 3189 ad
623 3156 674 3188 eam
692 3147 800 3200 aetatem,
817 3142 890 3190 codd.
903 3140 959 3192 Gel.
978 3148 1092 3203 quantum
1104 3138 1263 3199 athenaidem,
1276 3141 1303 3189 V

182 3204 207 3270 (i
217 3217 243 3257 st
253 3225 276 3255 m
288 3223 322 3258 ex
334 3207 446 3271 emend.)
456 3210 480 3259 R
489 3212 506 3257 ¹².
525 3215 637 3271 quantum
650 3205 774 3268 athanasia
786 3210 830 3258 R'.
850 3216 963 3270 quantum
976 3207 1064 3256 athena
1076 3206 1140 3269 deus,
1149 3209 1174 3256 d.
1190 3215 1304 3270 quantum

182 3274 271 3324 atham
282 3275 309 3325 id
320 3283 361 3336 cst,
374 3280 445 3327 codd.
459 3277 565 3326 Budaei.
584 3275 742 3340 quadragena
755 3274 823 3336 dena,
834 3277 865 3326 T.
884 3273 1049 3339 quadr-ayma,
1059 3276 1163 3325 Barber.
1176 3317 1207 3324 -
1220 3274 1304 3323 Arun-

183 3343 237 3404 tius,
249 3345 283 3393 V.
303 3385 334 3392 -
363 3344 461 3404 Vettius,
474 3345 505 3393 R.
530 3343 686 3405 Vetius,Vd.
714 3343 814 3404 Vedius,
826 3338 877 3408 βγ.
895 3385 926 3392 -
951 3341 1103 3405 eloquentiae,
1120 3346 1144 3392 d.
1162 3341 1303 3405 eloquentia,

181 3412 244 3461 VR.
262 3453 293 3460 -
313 3409 462 3471 amaeam,-
473 3411 508 3473 is3
521 3427 568 3476 pro
581 3411 621 3461 his
633 3427 672 3459 vv.
684 3410 781 3461 habent
792 3409 953 3459 adsectatores
964 3412 1048 3460 VRd.
1061 3452 1092 3460 ..
1106 3417 1135 3470 et,
1147 3411 1212 3460 VR.
1230 3427 1268 3471 en,
1279 3413 1303 3460 d.

182 3494 242 3540 eam,
253 3473 304 3543 βγ.
324 3519 356 3528 ..
371 3478 487 3542 potentia,
500 3482 523 3529 d.
538 3477 666 3542 potentiae,
678 3480 711 3528 V.
726 3478 838 3542 potentie,
850 3479 882 3527 R.
899 3479 958 3528 Hoc
975 3477 1082 3529 fortasse
1097 3492 1185 3529 verum
1202 3477 1304 3528 defendi

182 3547 263 3610 possit
274 3547 345 3597 verbi
356 3544 506 3610 adipiscendi
516 3547 688 3597 similitudine.
707 3587 738 3596 ..
758 3553 863 3607 nanctus,
876 3547 939 3596 VR.
957 3553 1048 3607 nactus,
1061 3541 1132 3610 ᾱβγ.

217 3617 268 3678 §a
284 3613 430 3678 principatu,
443 3614 474 3664 R.
489 3612 657 3678 principatum,
668 3614 701 3662 V.
721 3613 838 3677 principis
850 3612 996 3677 principatu,
1009 3616 1032 3662 d.
1052 3654 1083 3662 ..
1103 3612 1206 3671 transiit,
1218 3613 1251 3662 K.
1270 3655 1301 3662 -

183 3689 275 3740 cuncta,
292 3674 429 3733 OVRTd.
448 3689 532 3730 cuncta
544 3681 666 3741 maiorum,
678 3676 728 3744 βγ.
749 3723 779 3730 -
794 3679 904 3745 placida,
916 3682 949 3731 V.
969 3721 1000 3730 ...
1018 3680 1093 3729 omnis
1109 3680 1170 3742 aeui,
1187 3680 1219 3728 R.
1241 3680 1306 3729 omni

181 3749 270 3809 saevit,
283 3751 339 3799 Vd.
359 3790 390 3798 ..
408 3748 537 3811 mendicas,
553 3750 587 3798 V.
611 3790 642 3798 ..
665 3747 951 3809 abunde-monimento,
969 3749 1051 3798 omitt.
1068 3749 1136 3798 R¹d.
1161 3789 1192 3796 -
1211 3756 1303 3811 potest3

181 3833 229 3881 pro
247 3819 273 3867 h.
290 3834 313 3866 v.
331 3819 409 3868 habet
420 3825 494 3881 porta
511 3820 524 3864 i
540 3818 571 3878 R,
589 3824 685 3880 reperta
697 3824 731 3865 est
742 3816 775 3865 V.
798 3858 829 3865 -
853 3815 917 3879 quod
928 3815 1006 3876 estin,
1018 3817 1051 3865 K.
1075 3857 1106 3864 -
1128 3813 1204 3879 Apta,
1216 3816 1251 3865 V.
1271 3857 1302 3864 -

184 3883 321 3944 iatronicen,
334 3887 368 3934 V.
387 3927 418 3934 -
442 3884 601 3944 historiarum,
613 3885 647 3933 V.
671 3925 699 3933 ..
721 3899 883 3947 equorumque,
902 3878 1053 3934 OVR¹Ta
1077 3898 1243 3946 equarumque,
1261 3884 1304 3932 R²

182 3950 267 4014 (codd.
278 3951 349 4014 Gel.)
357 3948 407 4016 ay.
420 3994 450 4002 ..
460 3952 600 4012 comitatior,
609 3954 641 4002 R.
654 3951 865 4012 comitatiore,VT
873 3953 896 4000 d.
907 3993 938 4000 -
954 3945 1066 4016 egressus
1071 3951 1096 3999 in
1105 3949 1208 4013 publico,
1217 3952 1272 4001 VR
1279 3953 1303 4001 d.

183 4035 275 4083 eyressu
287 4019 312 4067 in
321 4020 424 4082 publico,
430 4022 460 4071 T.
480 4036 585 4084 opressus
597 4019 622 4067 in
629 4017 759 4082 publicum,
770 4020 796 4068 Κ
803 4022 815 4067 ¹.
834 4034 954 4082 repressus
963 4035 975 4066 e
984 4017 1086 4081 publico,
1095 4020 1121 4068 Κ
1129 4022 1146 4066 ².
1164 4017 1304 4067 histrionum

178 4103 236 4150 par,
245 4103 274 4134 er
286 4103 331 4148 quo
343 4085 371 4135 de
381 4087 479 4152 tripario
488 4087 599 4136 comitatu
607 4103 726 4151 repressus
738 4087 762 4134 in
773 4085 873 4149 publico,
883 4087 957 4136 codd.
967 4088 1080 4136 Barbari.
1090 4086 1114 4133 in
1125 4084 1224 4148 publico.
1237 4084 1306 4134 Erat

182 4162 236 4202 tunc
247 4151 470 4205 CrinasMassiiiae.
483 4154 509 4204 Is
518 4164 577 4215 arte,
586 4155 833 4215 Pint.-ut,V¹Rd.
844 4154 879 4202 ita
887 4162 920 4213 ut,
928 4154 955 4203 V
963 4158 978 4202 ².
986 4195 1015 4203 -
1027 4170 1063 4212 er,
1074 4168 1124 4202 om.
1134 4155 1179 4203 R¹.
1190 4195 1221 4202 -
1234 4152 1304 4217 ephe-

181 4220 277 4282 meride,
286 4222 388 4272 VR2d.
406 4221 571 4286 ephependide,
580 4223 604 4272 R
612 4226 624 4272 ¹.
640 4264 671 4272 ..
685 4222 815 4271 sestertium
827 4221 853 4284 0,
865 4224 929 4272 VR.
947 4221 1031 4270 centies
1038 4219 1103 4282 HS,
1114 4222 1129 4270 d
1134 4215 1157 4281 β
1161 4235 1187 4285 r.
1196 4263 1227 4270 -
1241 4237 1304 4269 moe-

182 4289 301 4352 nibusque,
314 4283 423 4340 GVTd.
441 4291 566 4353 moenibus,
578 4292 610 4340 R.
627 4290 743 4340 moenibus
754 4304 853 4353 quoquc,
864 4285 894 4352 β.
905 4331 935 4340 ..
948 4288 1045 4351 minore,
1056 4288 1088 4338 R.
1100 4329 1130 4338 -
1142 4288 1259 4351 auara,
1271 4290 1304 4341 Τ.
