2918 4800
346 317 416 363 nus.
432 315 560 362 xxvru.
590 314 667 362 car.
685 316 758 361 xrv.
776 315 835 360 xv.
865 311 962 360 sacr.
979 315 1061 358 ss-a.
1206 297 1268 361 317

144 469 350 546 silvestrium,
378 467 435 554 pili
458 489 585 551 qnoque
608 465 732 553 caprini
759 465 857 542 cinis3
886 464 1099 530 verendorum
1129 464 1267 531 carbun-

142 571 223 637 culis
247 570 414 637 cercbrum
437 569 507 657 apri
529 569 579 634 vel
602 568 669 634 suis
692 567 898 654 sanguisque.
921 565 1011 632 Vitia
1033 589 1109 632 vero
1130 588 1212 651 quae
1235 567 1269 631 in
1282 583 1332 628 att

142 673 254 738 eadem
274 682 368 758 parte
391 682 524 758 serpunt
545 670 636 736 iocur
657 691 766 734 eorum
789 667 990 745 conbustum,
1012 689 1160 732 maxume
1183 667 1268 732 iuni-

141 774 212 859 peri
233 775 334 860 lign0‚
357 772 430 838 cum
452 772 564 837 charta
585 781 617 836 et
639 770 784 836 arrenico
811 781 913 849 sanat,
936 769 1003 834 fimi
1026 768 1117 847 cinis,
1141 768 1185 836 fel
1206 768 1268 833 bu-

142 874 255 939 bulum
281 896 353 940 cum
382 874 521 938 alumine
549 872 716 960 Aegyptio
743 895 781 936 ac
813 893 923 935 murra
954 870 997 935 ad
1026 870 1269 936 crassitudinem

143 976 247 1040 mellis
276 974 454 1055 subactum,
481 975 613 1061 insuper
640 974 714 1040 beta
737 995 778 1038 ex
800 972 875 1037 vino
898 981 986 1037 cocta
1013 971 1164 1056 inposita,
1194 995 1268 1038 caro
1359 1022 1361 1026 Α

143 1099 288 1161 quoque,
316 1076 480 1141 manantia
501 1098 578 1140 vero
599 1075 709 1140 ulcera
730 1073 843 1139 sebum
865 1096 939 1138 cum
960 1072 1102 1139 medulla
1123 1074 1214 1139 vituli
1234 1075 1268 1138 in

144 1178 218 1243 vino
246 1177 430 1254 decoctum,
459 1175 502 1240 fel
531 1175 699 1261 caprinum
729 1197 801 1239 cum
822 1174 914 1240 melle
935 1173 1072 1259 rubique
1094 1198 1188 1252 suco;
1218 1178 1270 1242 vel

145 1280 173 1344 si
196 1290 335 1361 serpant,
358 1278 469 1342 fimum
491 1278 587 1342 etiam
608 1277 761 1362 prodesse
779 1299 852 1341 cum
874 1275 966 1341 melle
988 1277 1099 1340 dicunt
1120 1287 1174 1341 aut
1196 1300 1271 1343 cum

145 1391 235 1446 aceto
257 1392 289 1444 et
310 1402 369 1466 per
392 1402 426 1444 se
448 1378 610 1463 butyrum.
648 1377 796 1444 Testium
818 1388 923 1442 tumor
946 1376 1025 1442 sebo
1047 1377 1138 1443 vituli
1160 1378 1270 1444 addito
1285 1396 1334 1441 215

145 1481 228 1547 nitro
255 1481 422 1546 cohibetur
447 1481 499 1545 vel
523 1480 599 1545 fimo
626 1479 770 1545 eiusdem
792 1501 831 1542 ex
854 1489 945 1543 aceto
967 1479 1108 1544 decocto.
1146 1479 1271 1546 Urinae

144 1582 407 1648 incontinentiam
433 1580 560 1646 cohibet
583 1581 690 1646 vesica
711 1603 836 1664 apruna
858 1579 885 1645 si
906 1601 980 1644 assa
1001 1581 1180 1660 mandatur,
1211 1605 1270 1646 un·
1321 1592 1326 1605 '

145 1685 295 1769 gularum
315 1683 386 1769 apri
409 1683 459 1748 vel
482 1682 548 1746 suis
570 1682 650 1747 cinis
672 1681 795 1766 potioni
809 1681 991 1767 inspersus,
1013 1681 1121 1746 vesica
1134 1682 1272 1748 feminae

147 1785 215 1850 suis
242 1787 401 1852 conbusta·
423 1807 462 1849 ac
489 1796 582 1869 pota,
616 1784 693 1848 item
719 1782 832 1860 haedi,
866 1781 918 1847 vel
945 1782 1071 1866 pulmo,
1105 1782 1272 1849 cerebrum

146 1886 263 1971 leporis
284 1888 318 1951 in
340 1887 414 1953 vino
436 1884 581 1951 eiusdem
605 1884 744 1950 testiculi
766 1884 841 1949 tosti
863 1883 914 1949 vel
936 1883 1106 1968 coagulum
1125 1907 1198 1949 cum
1213 1907 1271 1950 an·

148 1988 253 2053 serino
275 1988 370 2072 adipe
398 1989 432 2052 in
460 1987 599 2073 polenta,
628 2009 724 2052 renes
752 1986 835 2051 asini
861 1985 895 2049 in
922 2007 1010 2050 mero
1037 1985 1103 2049 triti
1131 1987 1272 2070 potique.

146 2087 238 2177 Magi
260 2089 379 2155 verrini
400 2089 552 2177 genitalis
574 2089 682 2155 cinere
703 2099 779 2175 poto
803 2110 843 2152 ex
863 2086 938 2152 vino
953 2086 1039 2152 dulci
1054 2087 1274 2153 demonstrant

81 2223 83 2228 ·
147 2191 271 2256 urinam
293 2192 398 2256 facere
420 2191 454 2255 in
476 2191 564 2255 canis
586 2189 684 2256 cubili
707 2212 745 2256 ac
766 2189 865 2254 verba
886 2189 1029 2268 adicere,
1049 2211 1090 2254 ne
1111 2189 1183 2275 ipse
1205 2189 1273 2252 uri·

147 2316 219 2357 nam
242 2293 337 2357 faciat
358 2303 395 2357 ut
416 2292 504 2358 canis
526 2293 560 2357 in
582 2315 640 2358 suo
662 2290 770 2357 cubili.
793 2290 922 2356 Rursus
945 2290 1009 2356 ciet
1026 2291 1153 2356 urinam
1168 2291 1275 2357 vesica

148 2394 215 2459 suis
238 2394 265 2459 si
288 2406 405 2460 terram
428 2418 491 2460 non
515 2394 659 2481 attigerit
680 2393 822 2481 inposita
843 2392 932 2479 pubi.
1339 2402 1352 2430 ‘
1397 2446 1401 2451 .

192 2497 241 2560 61.
266 2482 471 2562 Sedis'vitiis
492 2497 656 2584 praeclare
678 2497 811 2583 prodest
833 2495 877 2561 fel
900 2496 1044 2560 ursinum
1067 2519 1140 2561 cum
1162 2495 1273 2581 adipe3
1288 2510 1337 2557 ara

148 2597 278 2680 quidam
300 2598 442 2662 adiciunt
464 2622 610 2685 spumam
632 2592 758 2686 argenti
780 2620 818 2662 ac
839 2609 906 2674 tus3
930 2597 1062 2685 prodest
1076 2608 1109 2663 et
1122 2598 1274 2683 butyrum

149 2721 220 2763 cum
243 2699 338 2785 adipe
360 2701 509 2766 anserino
530 2724 568 2766 ac
588 2723 733 2777 rosace03
764 2699 893 2768 modum
919 2699 1009 2785 ipsae
1037 2723 1089 2764 res
1118 2710 1274 2778 statuunt,

149 2808 185 2862 ut
213 2799 277 2863 sint
303 2799 397 2866 inlitu
426 2801 546 2867 faciles.
579 2801 749 2868 Praeclare
770 2802 916 2866 medetur
938 2812 969 2866 et
992 2801 1154 2865 taurinum
1175 2802 1220 2867 fel
1240 2801 1281 2892 in⁴

148 2899 288 2966 linteolis
310 2903 491 2988 concerptis
519 2905 680 2989 rimasque
708 2903 858 2991 perducit
885 2903 927 2967 ad
954 2903 1142 2968 cicatricem.
1175 2903 1274 2968 Infla-

150 3002 292 3068 tionibus
318 3004 351 3068 in
381 3027 419 3069 ea
447 3015 539 3089 parte
568 3006 680 3070 sebum
707 3007 814 3083 vituli,
842 3027 991 3069 maxume
1018 3003 1060 3068 ab
1087 3005 1275 3092 inguinibus

151 3126 224 3166 cum
252 3115 341 3181 ruta,
371 3106 487 3170 ceteris
515 3106 601 3170 vitiis
626 3107 774 3171 medetur
795 3106 928 3193 sanguis
950 3105 1101 3191 caprinus
1122 3128 1194 3170 cum
1215 3129 1275 3193 po-

185 3315 270 3376 §ala
298 3311 435 3374 serpentia
452 3312 533 3362 eadem
549 3321 628 3378 parte,
645 3315 669 3363 d.
688 3355 719 3363 ..
744 3311 925 3376 iunipirtva.
944 3354 975 3362 ...
1000 3311 1276 3374 clariaetarrem'so,d

151 3378 236 3442 (codd.
250 3378 378 3441 Barbari).
396 3389 478 3428 cartae
491 3380 624 3444 tirrbenico,
636 3383 663 3432 V
675 3379 821 3444 (tarrllenico
832 3397 866 3431 m.
878 3379 929 3445 pr.)
947 3379 1033 3430 oborto
1044 3380 1159 3441 arrenico,
1172 3383 1203 3431 R.
1222 3398 1275 3430 car-

153 3448 319 3508 tetiarment'co,
337 3440 365 3497 θ.
393 3447 479 3506 charta
495 3449 649 3510 Armeniaca,
666 3452 700 3500 K.
718 3492 749 3499 -
766 3448 815 3510 fel,
831 3450 880 3498 R2.
898 3446 1079 3512 saravum.
1098 3490 1129 3499 ..
1154 3450 1275 3510 cam,R².

152 3516 200 3578 qui,
213 3518 310 3567 VR¹d.
330 3558 360 3566 ..
380 3532 470 3578 marra,
486 3509 514 3566 θ.
532 3516 637 3582 myrrha,
650 3519 733 3567 VRd.
751 3532 842 3581 myrra,
855 3518 885 3567 T.
904 3516 990 3578 maria,
1003 3514 1032 3579 β
1045 3559 1076 3567 ..
1098 3518 1182 3575 betam,
1192 3518 1275 3568 VRd.

154 3625 184 3632 -
203 3585 397 3648 coctam,VRd.
418 3626 448 3634 ..
472 3587 705 3648 caroqaoqaaRd,
729 3601 839 3648 caroque,
855 3579 914 3634 OV.
934 3626 965 3634 -
989 3602 1073 3644 samm,
1086 3587 1142 3636 vd.
1161 3626 1192 3635 -
1215 3600 1275 3646 eam,

153 3667 204 3701 om.
217 3654 262 3702 R1.
277 3693 303 3700 -
317 3650 367 3717 fhl,
383 3646 523 3703 OVRTo.
540 3651 584 3713 vel,
595 3648 625 3714 β.
639 3695 668 3703 -
688 3660 777 3717 serpat,
790 3653 852 3702 VR.
866 3695 896 3702 ..
917 3651 1089 3719 dicuntum.
1102 3653 1276 3712 Omittvw,

154 3721 221 3768 unde
234 3721 346 3770 Gronov.
357 3719 456 3783 prodest
466 3722 537 3782 legit.

188 3823 273 3884 §ala
302 3822 481 3881 tamor,VRd.
509 3831 584 3871 tumor
600 3818 699 3883 camd.
717 3820 915 3886 Omittddpp.
935 3862 966 3872 ..
990 3824 1152 3888 niqraVRt
1171 3865 1202 3872 ..
1226 3838 1276 3872 aas·

152 3887 212 3949 sica,
225 3889 258 3937 V.
279 3928 309 3935 -
328 3903 430 3950 apruna,
442 3892 473 3939 R.
493 3891 588 3953 aprina,
601 3887 703 3953 Vdfir.
724 3933 752 3940 ..
773 3890 859 3952 asama,
872 3894 896 3941 d.
915 3891 1012 3950 vesicae,
1024 3893 1086 3942 VR.
1101 3931 1131 3940 ..
1150 3892 1276 3952 combusta,

154 3957 234 4006 VR2.
253 3956 393 4015 combustae,
407 3958 430 4005 d.
449 3957 579 4016 conrbuatts,
592 3960 635 4008 Rl.
656 4000 687 4007 ..
702 3966 770 4022 pota,
782 3961 844 4009 VR
864 3966 945 4022 potae,
957 3960 981 4007 d.
1000 4000 1031 4007 ..
1050 3958 1108 4019 eiua
1121 3961 1144 4007 d.
1164 4000 1195 4008 -
1214 3959 1276 4022 tosti,

155 4039 205 4074 om.
219 4026 263 4074 R¹.
283 4065 314 4072 ..
333 4021 404 4084 asini,
417 4024 478 4075 VR.
502 4025 597 4086 asinini,
610 4021 682 4089 dssr.
702 4066 732 4075 ..
752 4026 844 4092 Magis,
857 4028 909 4077 V².
929 4066 960 4075 ..
979 4025 1147 4088 demonstrant,
1159 4029 1212 4078 Vd.
1236 4026 1277 4077 de·

155 4100 307 4152 monstratur,
319 4092 364 4141 R¹.
383 4090 535 4153 dentoastrat,
547 4095 596 4143 12².
621 4091 703 4143 deinde
715 4103 854 4156 monstrant,
866 4111 885 4145 r.

188 4229 273 4290 §aa
292 4226 369 4288 seua,
383 4230 406 4279 a.
429 4195 598 4291 asaban.
617 4197 719 4293 scala,
733 4232 765 4281 v.
790 4273 820 4281 -
847 4230 931 4295 epam,
952 4224 1011 4283 av.
1037 4274 1068 4283 ,
1096 4232 1183 4296 rura,
1200 4251 1219 4285 r.
1243 4275 1275 4284 -

154 4297 291 4360 conceptis,
308 4288 446 4349 OVRKd.
464 4297 588 4363 conseptis,
599 4294 628 4360 β.
648 4340 679 4349 ..
697 4299 865 4366 impiapaibus,
877 4301 902 4351 d.
