2918 4800
378 309 448 354 uus.
466 309 581 355 xxuu.
612 307 689 354 car.
705 309 779 356 xus.
811 308 907 355 sscr.
926 310 1032 353 rra-ns.
1205 293 1263 357 101

144 459 232 545 quod
252 469 284 524 et
304 458 375 546 ipsa
396 457 495 523 herba
518 471 613 525 tunsa
635 469 777 546 praestat
799 468 968 543 tueturque
982 456 1023 525 ab
1044 458 1265 551 inflammatio-

144 560 239 626 nibus
261 560 453 647 praeligata3
484 561 621 626 adicitur
643 562 774 626 decocto
796 559 906 625 vinum
928 582 966 625 ac
987 561 1060 637 mel,
1088 561 1128 625 ab
1151 560 1266 645 aliquis

145 671 177 726 et
199 660 290 738 turis,
312 661 447 747 piperis,
469 685 596 726 murrae
620 662 730 727 tertiae
753 663 914 747 portiones
931 683 1106 746 rursusque
1121 663 1267 745 coquitur

144 763 178 827 in
200 785 292 828 aereo
312 785 389 828 vase
411 763 453 826 ad
474 763 618 828 dentium
641 762 775 840 dolores,
799 762 979 847 epiphoras.
1007 761 1113 827 Radix
1136 762 1267 829 decocta
1282 783 1329 827 rso

143 865 177 929 in
203 865 277 930 vino
306 862 495 928 torminibus
523 864 668 929 medetur
695 874 726 927 et
754 863 865 927 urinae
888 862 1129 928 difficultatibus
1151 864 1266 929 ulceri·

143 967 269 1050 busque
291 966 427 1043 vesicae,
451 965 589 1030 calculos
611 965 746 1051 frangit3
771 987 881 1030 semen
900 964 1119 1030 vehementius
1141 966 1265 1030 urinam

143 1065 279 1152 inpellit,
301 1069 405 1132 alvom
420 1067 670 1151 vomitionesque
686 1067 780 1144 sistit,
803 1065 955 1153 privatim
970 1078 1078 1132 autem
1093 1067 1267 1132 draconum

143 1167 305 1234 morsibus
327 1168 507 1234 auxiliatur.
533 1165 617 1232 Sunt
638 1167 693 1252 qui
716 1168 865 1253 genicula
886 1190 1000 1233 novem
1023 1169 1075 1233 vel
1096 1169 1193 1233 unius
1216 1170 1267 1234 vel

144 1294 162 1336 e
184 1268 308 1335 duabus
331 1268 475 1335 tribusve
496 1268 604 1334 herbis
626 1268 774 1334 adhunc
796 1269 1003 1335 articulorum
1025 1293 1195 1335 numerum
1216 1271 1266 1334 in-

143 1371 227 1438 volvi
248 1372 322 1436 lana
343 1371 455 1436 sucida
476 1369 570 1457 nigra
598 1370 730 1436 iubeant
760 1371 801 1435 ad
828 1372 968 1437 remedia
996 1382 1136 1437 strumae
1163 1393 1267 1456 pano-

142 1493 268 1549 rumvc3
296 1471 438 1536 ieiunum
460 1493 530 1536 esse
552 1471 667 1536 debere
689 1471 744 1556 qui
767 1471 907 1560 colligat,
937 1472 981 1536 ita
1006 1473 1053 1538 ire
1081 1472 1113 1537 in
1137 1472 1267 1536 domum
1282 1490 1328 1534 rsr

143 1573 284 1640 absentis
314 1573 367 1637 cui
399 1572 564 1637 medeatur
601 1572 905 1657 supervenientique
942 1584 988 1638 ter
1019 1574 1125 1638 dicere
1159 1575 1267 1638 ieiuno

141 1675 287 1742 ieiunum
314 1673 580 1739 medicamentum
608 1674 686 1739 dare
715 1685 811 1758 atque
838 1675 882 1739 ita
904 1674 1077 1762 adalligare
1101 1675 1269 1758 triduoque

142 1775 177 1840 id
197 1776 310 1841 facere.
334 1771 431 1856 Quod
453 1797 470 1838 c
492 1775 674 1861 graminum
689 1798 808 1862 genere
829 1788 952 1862 septem
972 1776 1152 1841 internodia
1171 1776 1268 1841 habet

143 1876 362 1942 efficacissime
376 1876 475 1961 capiti
489 1887 599 1942 contra
614 1876 739 1942 dolores
754 1877 955 1965 adalligatur.
981 1876 1123 1958 Quidam
1137 1887 1269 1962 propter

34 2000 36 2003 ·
143 1979 270 2044 vesicae
298 1978 460 2044 cruciatus
489 1978 653 2044 decoctum
680 2001 721 2044 ex
747 1979 822 2044 vino
850 2000 981 2065 gramen
1008 1979 1049 2043 ad
1078 1978 1227 2042 dimidias
1249 1999 1269 2039 a

145 2079 277 2146 balineis
298 2079 366 2147 bibi
387 2079 510 2145 iubent.

188 2184 259 2246 119.
288 2180 373 2246 Sunt
398 2181 455 2266 qui
483 2191 516 2247 et
543 2181 724 2246 aculeatum
750 2203 885 2270 gramen
913 2191 1028 2246 vocent
1050 2181 1146 2246 trium
1167 2201 1267 2268 gene·
1281 2195 1328 2240 rsa

144 2304 233 2360 rum3
256 2305 329 2348 cum
349 2282 384 2347 in
406 2282 572 2349 cacumine
586 2283 688 2349 aculei
706 2294 781 2348 sunt
793 2283 978 2370 plurumum
993 2284 1093 2367 quini,
1117 2283 1268 2367 dactylon

145 2385 326 2472 appellant3
348 2384 408 2449 hos
423 2384 608 2450 convolutos
624 2385 757 2451 naribus
771 2386 917 2450 insemmt
936 2384 1171 2468 extrahuntque
1193 2406 1267 2448 san-

34 2474 37 2482 ’
144 2487 252 2574 guinis
272 2485 378 2551 ciendi
399 2485 512 2572 gratia.
535 2485 659 2564 Altero,
683 2487 769 2570 quod
792 2496 838 2552 est
860 2486 953 2552 aizoo
975 2486 1087 2566 simile,
1110 2487 1151 2551 ad
1172 2508 1266 2572 paro·

144 2586 263 2672 nychia
283 2599 315 2651 et
344 2587 491 2675 pterygia
518 2587 676 2674 unguium
702 2598 828 2653 etcum
850 2611 923 2654 caro
949 2587 1114 2675 unguibus
1134 2586 1269 2653 increvit

145 2701 281 2755 utuntur
302 2711 375 2754 cum
390 2688 542 2777 axungia,
564 2689 638 2755 ideo
660 2690 810 2775 dactylon
832 2690 1041 2776 appellantes,
1066 2689 1141 2774 quia
1156 2689 1268 2778 digitis

146 2898 230 2964 tigata,
248 2899 284 2949 ita
294 2914 341 2950 nos
353 2899 505 2962 scripsimus.
522 2896 630 2962 placata,
643 2893 701 2948 BV.
717 2906 816 2961 pacata,
828 2899 881 2948 To.
898 2897 994 2963 pleyas,
1006 2915 1022 2948 a
1033 2896 1120 2960 (codd.
1134 2893 1205 2957 Gel.)
1216 2892 1266 2960 βγ.

146 2968 220 3028 Quae
237 2967 358 3031 scriptura
376 2981 435 3016 curn
452 2967 673 3030 interpolationem
691 2967 826 3017 manifesto
844 2982 905 3030 prae
922 2982 949 3018 se
967 2967 1045 3026 ferat,
1063 2981 1096 3016 cx
1114 2966 1269 3030 optimorum

146 3036 270 3085 librorum
281 3036 404 3098 scriptura
416 3036 512 3084 conieci
524 3035 558 3094 id,
568 3037 636 3097 quod
648 3035 708 3084 huic
719 3034 777 3083 loco
789 3035 864 3084 unice
876 3043 964 3098 aptum
976 3036 1120 3093 videbatur3
1130 3032 1269 3096 praeliyare

145 3104 223 3152 ctiam
240 3103 300 3152 alibi
318 3105 349 3153 de
363 3103 508 3153 vulneribus
526 3104 629 3164 dicitur,
647 3104 684 3151 uti
702 3110 742 3164 28,
756 3108 795 3153 63.
809 3109 849 3152 64.
870 3143 900 3150 -
924 3101 1027 3150 adicitm
1044 3101 1146 3161 decocto,
1163 3117 1186 3151 a.
1211 3098 1268 3147 dici·

147 3177 186 3218 tur
201 3170 300 3232 decocto,
316 3170 341 3219 d.
368 3168 454 3219 dicitur
469 3168 570 3229 maccla,
582 3172 615 3221 V.
643 3168 735 3218 decocto
750 3169 871 3230 adiicitur,
886 3165 938 3233 βγ.
962 3209 993 3217 ..
1021 3170 1124 3228 ac,Vs.
1151 3175 1181 3227 et,
1194 3169 1218 3215 d.
1236 3208 1268 3215 ..

145 3236 242 3302 aliquis,
258 3240 336 3289 Vad.
363 3236 490 3300 aliquibus,
506 3233 558 3301 βγ.
581 3279 611 3288 ..
636 3238 736 3302 piperis,
754 3240 800 3286 ad.
826 3245 850 3284 et
862 3235 962 3298 piperis,
977 3230 1060 3300 Vssr.
1085 3277 1115 3284 -
1142 3251 1228 3298 mprre,
1245 3235 1269 3283 d.

146 3321 230 3355 marra
240 3313 270 3368 et,
282 3308 316 3356 V.
343 3321 490 3371 myrraeque,
508 3301 578 3368 asty.
603 3347 633 3354 -
662 3305 751 3366 tertias,
769 3307 792 3353 d.
817 3346 847 3353 -
874 3302 990 3365 coquitur,
1006 3303 1040 3352 V.
1067 3302 1167 3365 capitur,
1183 3319 1205 3352 a.
1233 3317 1270 3349 co-

146 3382 258 3438 quantur,
271 3376 296 3425 d.
315 3414 345 3423 ..
365 3373 499 3437 epiphoras,
511 3375 587 3424 Vad.
606 3379 629 3420 et
640 3370 774 3436 epiphoras,
786 3367 837 3436 βγ.

180 3479 266 3541 §lstt
288 3473 454 3539 uiambarqae,
471 3467 551 3524 8Vd.
575 3472 698 3535 ulceribus,
710 3469 758 3535 ast.
779 3514 808 3522 -
828 3488 895 3537 uara,
907 3474 941 3524 V.
960 3514 990 3523 ..
1016 3487 1169 3537 panoramve,
1182 3488 1204 3521 a.
1223 3470 1270 3534 sa·

147 3560 230 3593 naum
242 3541 285 3605 vel,
296 3544 330 3593 V.
348 3558 460 3592 ranorum
473 3540 518 3605 vel,
530 3545 554 3593 d.

181 3643 196 3706 ς
211 3648 267 3696 181.
290 3659 338 3693 esse
350 3641 440 3706 debere,
452 3645 527 3696 Vad.
555 3643 637 3693 debere
648 3660 705 3706 esse,
716 3639 768 3709 βγ.
789 3685 819 3694 ..
841 3643 879 3693 ita
890 3643 937 3707 ire,
955 3659 1002 3710 pro
1019 3645 1059 3696 his
1076 3658 1115 3693 vr.
1132 3642 1209 3693 habet
1224 3639 1271 3689 ita-

147 3760 183 3812 lia
199 3777 226 3825 a,
243 3762 267 3812 si
281 3760 345 3811 aliae
356 3764 391 3824 V,
406 3727 463 3827 filie
476 3765 499 3812 d.
522 3763 587 3813 Plin.
604 3763 732 3828 scripsisse
747 3763 845 3813 videtur
861 3762 941 3811 statim
957 3763 1037 3824 abire;
1059 3761 1144 3811 statim
1163 3777 1197 3811 sc.
1214 3769 1272 3825 post

146 3831 284 3881 collectum
295 3844 409 3894 gramen.
429 3872 459 3881 -
478 3847 496 3879 a
507 3827 613 3893 balares,
627 3834 652 3882 V
664 3829 750 3893 (codd.
764 3829 834 3893 Gal.)
852 3847 869 3878 a
882 3829 979 3892 balneis,
993 3832 1038 3880 ad.
1057 3827 1155 3892 balneis,
1166 3824 1195 3891 β.

181 3948 197 4010 5
211 3952 267 3998 182.
285 3954 315 4009 et,
328 3950 372 3999 ad.
394 3947 423 4009 ci,
436 3948 469 3999 V.
490 3990 519 3999 -
539 3948 607 4012 quini
617 3947 735 4014 dactylon,
749 3951 764 3997 d
777 3947 862 4010 (codd.
875 3945 1000 4009 Barbari).
1019 3911 1226 4014 quiaiddartylon,
1239 3947 1272 3997 V.

147 4011 338 4080 quodiaaetylea,
354 4031 377 4064 a.
401 4015 504 4079 primum
522 4015 561 4065 cui
577 4016 601 4064 ia
618 4016 737 4065 secuntiae
754 4014 832 4065 aculei
845 4023 900 4064 sant
915 4015 997 4077 quiai,·
1018 4013 1126 4082 dactylos
1142 4014 1273 4080 appellant,

146 4082 238 4132 Delec.
252 4122 283 4132 ..
301 4081 371 4146 qaod,
385 4085 429 4133 sd.
448 4099 501 4146 quo,
509 4084 544 4134 V.
558 4125 588 4133 ..
608 4083 683 4142 aizoo,
696 4085 751 4133 Vd.
769 4083 831 4144 azio,
843 4098 867 4132 a.
886 4083 975 4144 aeizoo,
986 4078 1015 4145 β.
1029 4126 1060 4134 ..
1077 4084 1230 4150 perceperas,
1239 4082 1273 4131 V,

144 4149 285 4214 parenteia,
297 4153 321 4202 d.
347 4151 513 4215 porentia,a¹.
538 4150 672 4214 perorscia,
685 4155 724 4200 αἳ.
745 4192 774 4200 -
798 4150 912 4214 inperium,
925 4151 980 4202 Vd.
1001 4194 1031 4203 -
1050 4151 1110 4213 ideo,
1124 4169 1145 4203 s..
1169 4150 1274 4214 ideoque,

147 4217 207 4268 Vd.
227 4258 258 4268 -
277 4215 396 4285 dactylon,
408 4235 431 4270 a.
450 4217 634 4280 dareslcn,Vd,
