2918 4800
352 309 423 356 nm.
441 309 559 356 xxnn.
590 305 668 353 cur.
685 307 747 354 vu.
765 308 841 354 vm.
872 305 970 354 sacr.
986 306 1068 351 uas.
1232 291 1271 356 61

149 484 225 527 nam
247 460 342 538 cient,
364 460 468 524 alvom
491 459 625 535 sistunt;
647 459 815 524 decoctum
838 480 947 524 eorum
969 458 1077 524 ulcera
1096 480 1180 544 quse
1203 481 1273 524 ser-

147 574 232 649 punt
246 561 334 641 fotu3
357 560 502 628 inlinitur
523 561 556 625 in
571 561 689 626 umidis
712 570 743 626 et
764 559 833 648 igni
850 582 957 635 sacro;
979 558 1129 647 gingivas
1144 558 1273 625 conluit.

147 664 240 731 Folia
254 662 407 728 dentibus
429 662 538 728 dolore
553 672 744 739 atteruntur,
767 660 901 727 mobiles
916 660 1049 726 decocto
1064 661 1255 726 conluuntur
1263 686 1273 738 3

148 766 299 852 capillum
321 764 447 851 tinguit.
469 763 622 829 Lacrima
644 763 730 829 sedis
752 763 839 830 vitiis
860 764 1004 850 prodest,
1027 786 1100 829 cum
1116 762 1195 847 quid
1210 763 1273 829 sic·

149 868 215 933 cari
237 866 440 933 excalfierive
462 889 543 952 opus
571 866 612 932 sit
619 891 628 945 3
659 865 827 930 decoctum
857 877 888 930 et
916 889 933 930 e
959 864 1090 931 lacrima
1112 863 1275 931 stomacho

148 970 239 1047 utile,
268 980 394 1034 ructum
421 979 452 1032 et
478 968 603 1033 urinam
631 990 775 1043 movens,
803 967 891 1051 quod
919 978 951 1033 et
973 967 1088 1053 capitis
1111 967 1274 1034 doloribus

151 1095 223 1140 eum
249 1070 379 1156 polenta
404 1069 566 1146 inlinitur3
599 1069 676 1134 folia
705 1080 814 1134 tenera
845 1069 945 1135 oculis
971 1068 1173 1136 inflammatis
1199 1070 1275 1134 inli-

149 1183 279 1238 nuntur.
313 1169 475 1236 Mastiche
496 1169 623 1236 lentisci
644 1168 839 1254 replicandis
860 1168 1023 1256 palpebris
1046 1181 1077 1235 et
1098 1171 1140 1234 ad
1162 1183 1274 1238 exten·
1289 1189 1321 1232 sa

150 1275 288 1340 dendam
310 1281 416 1338 cutem
437 1273 470 1335 in
491 1270 573 1336 facie
596 1282 628 1336 et
643 1282 824 1359 zmegmata
839 1269 1009 1336 adhibetur
1031 1282 1063 1338 et
1085 1273 1277 1361 sanguinem

149 1375 366 1452 reicientibus,
389 1373 469 1438 tussi
484 1371 585 1437 veteri
592 1397 602 1450 ;
626 1382 657 1437 et
678 1371 842 1437 adomnia
864 1394 945 1457 quae
968 1373 1093 1438 acaciae
1115 1375 1173 1441 vis.
1200 1376 1276 1443 Me-

150 1478 246 1542 detur
267 1485 299 1540 et
320 1474 437 1539 attritis
460 1471 605 1558 partibus
621 1472 688 1537 sive
710 1472 781 1539 oleo
803 1496 820 1538 e
844 1473 965 1540 semine
981 1474 1050 1540 eius
1065 1475 1151 1542 iacto
1166 1500 1276 1544 cerae-

149 1601 212 1664 que
233 1576 345 1655 mixto,
369 1577 436 1642 sive
457 1575 541 1641 foliis
564 1599 604 1641 ex
627 1575 697 1641 oleo
718 1575 870 1654 decoctis,
895 1576 961 1642 sive
984 1599 1056 1642 cnm
1077 1600 1160 1662 aqua
1175 1580 1278 1647 virilia

150 1680 327 1745 foveantur.
364 1677 441 1744 Scio
461 1677 690 1743 Democratem
716 1677 877 1742 medicum
898 1677 931 1741 in
953 1678 1134 1746 valetudine
1159 1680 1278 1748 Consi·

152 1780 224 1853 diae
238 1779 287 1845 M.
303 1778 421 1846 Servili
443 1779 619 1844 consularis
640 1778 725 1844 filiae
747 1800 875 1844 omnem
896 1779 1094 1845 curationem
1116 1793 1278 1848 austeram

152 1881 329 1946 recusantis
351 1881 407 1944 diu
431 1880 602 1946 efficaciter
623 1903 718 1945 usum
738 1880 820 1946 lacte
846 1902 1016 1966 caprarum
1038 1903 1120 1965 quas
1141 1884 1276 1950 lentisco

152 1982 337 2069 pascebant.

195 2083 290 2150 VIII.
314 2085 365 2148 29.
388 2082 518 2148 Platani
539 2082 753 2147 adversantur
766 2082 1059 2169 vespertibonibus,
1082 2083 1200 2170 pilulae
1222 2108 1275 2151 ea·
1290 2102 1324 2146 ss

152 2208 224 2250 rum
243 2184 277 2249 in
299 2185 374 2250 vino
396 2194 491 2269 potae
514 2183 717 2249 denariorum
738 2206 788 2246 nn
809 2184 951 2269 pondere
972 2184 1121 2250 omnibus
1144 2210 1276 2273 serpen-

154 2285 234 2350 tium
262 2297 294 2351 et
322 2285 527 2371 scorpionum
552 2284 696 2362 venenis,
725 2284 803 2349 item
829 2284 985 2350 ambustis
992 2310 1001 2362 ;
1029 2297 1143 2352 tunsae
1170 2298 1278 2352 autem

155 2409 226 2452 eum
249 2398 340 2453 aceto
362 2388 427 2453 acri
449 2387 616 2475 magisque
647 2385 759 2453 scillite
789 2386 980 2475 sanguinem
1006 2410 1131 2454 omnem
1162 2389 1279 2454 sistunt

189 2597 257 2658 §42
283 2593 393 2643 Lentisci
405 2595 577 2655 martores*
596 2592 707 2643 Lentisci
721 2601 744 2641 et
759 2594 862 2654 arbores,
875 2591 934 2656 νβ.
960 2594 1080 2644 Βοητίεείε
1091 2596 1278 2657 celerioresue.

154 2660 385 2722 Lentiscietorbor,
398 2662 452 2712 Td.
479 2703 510 2713 ..
535 2670 601 2725 potu,
618 2662 652 2712 V.
680 2701 711 2710 -
738 2677 814 2711 sucro.
837 2660 876 2709 Eo
892 2662 1002 2727 pinpiuos
1018 2662 1126 2724 colluunt,
1138 2679 1157 2713 r.
1181 2705 1212 2713 -
1236 2662 1278 2713 do·

154 2727 296 2788 lore,Vad.
323 2728 447 2790 indolere,
459 2726 509 2793 βγ.
536 2731 595 2779 Vid.
610 2732 642 2779 ad
654 2735 695 2790 ³2,
710 2733 766 2779 11³.
786 2771 816 2778 -
842 2727 972 2792 coluuntur,
984 2732 1018 2780 V.
1038 2771 1069 2780 ..
1093 2731 1187 2796 linquit,
1200 2733 1277 2783 Vad.

155 2796 270 2860 tinpuunt,
282 2792 332 2861 βγ.
353 2797 421 2862 tinpt't
433 2795 540 2847 ἱαιτὺηα.
560 2795 639 2856 Sedis,
651 2814 671 2847 r.
690 2838 720 2846 ..
740 2795 802 2855 uitis,
815 2796 848 2845 V.
869 2839 899 2846 -
918 2796 1034 2847 decoctum
1048 2807 1070 2846 st
1081 2815 1093 2846 e
1106 2798 1220 2862 lusrimu;
1238 2801 1278 2850 his

153 2865 180 2912 in
196 2866 278 2915 verbis
290 2867 413 2929 particula
425 2873 447 2913 et
458 2866 565 2915 librariis
578 2866 661 2915 deberi
674 2867 779 2925 videtur,
799 2880 855 2914 cum
868 2864 940 2915 nulla
955 2881 1058 2930 prorsus
1074 2868 1127 2918 eins
1144 2869 1176 2918 sit
1193 2882 1277 2918 cansa.

154 2932 296 2981 Decoctum
313 2934 420 2983 aliarum
437 2935 546 2995 partium
564 2933 662 2982 lentisci
679 2932 735 2982 aliis
751 2933 825 2982 malis
841 2933 904 2982 utile
916 2933 971 2984 tuit.
995 2975 1026 2984 ..
1053 2933 1111 2984 ank
1122 2944 1220 2993 ructum,
1232 2938 1277 2986 sd.

154 2997 211 3048 utile
222 3007 308 3060 metus,
321 3001 352 3050 Τ.
379 2999 468 3049 utiliter
479 3009 563 3061 ustum,
576 3001 609 3049 V.
639 3041 668 3048 -
696 2997 823 3060 doloribus,
837 2995 968 3052 evuco.
994 3000 1077 3064 dolori,
1093 2998 1122 3064 β.
1147 3045 1177 3053 ..
1205 3003 1277 3053 illini·

155 3074 201 3128 tur,
213 3069 258 3117 ad.
277 3066 366 3127 linitur,
382 3061 441 3118 OV.
1108 3118 1111 3125 .

190 3137 263 3198 §stt
290 3133 416 3196 Mastiche,
433 3153 456 3185 a.
485 3134 597 3196 Mostice,
615 3136 669 3184 Vd.
698 3133 758 3184 Item
774 3134 894 3197 masticis,
910 3134 960 3201 βγ.
985 3138 1103 3189 Ceterum
1120 3153 1143 3188 v.
1159 3139 1276 3188 Dioscor.

159 3207 233 3261 1‚90.
253 3243 283 3251 -
303 3200 566 3261 extendendamvad.
590 3201 748 3264 emerendam,
760 3221 779 3253 r.
803 3203 975 3268 esterpendom,
987 3206 1020 3256 K.
1039 3246 1070 3254 -
1094 3212 1230 3266 amoenata,
1242 3206 1277 3256 V.

155 3277 294 3333 smepmoto,
311 3265 403 3333 adssr.
422 3312 453 3319 ..
477 3268 511 3317 ad
521 3271 599 3319 omnio
611 3287 673 3334 quoe
684 3270 781 3319 acaciae
794 3270 836 3328 vis,
853 3272 889 3320 ita
899 3288 947 3321 nos
959 3272 1103 3334 scripsimus
1115 3289 1147 3322 ex
1159 3273 1277 3322 Dioscor.

159 3342 181 3398 l,
195 3343 240 3387 89:
263 3333 307 3385 καὶ
324 3333 444 3386 καθόλου
462 3332 520 3385 ἀντὶ
538 3334 653 3395 duania<
668 3333 712 3384 καὶ
730 3333 900 3395 ὑποκίστιδος
914 3332 1016 3386 ἔνεστιν
1029 3335 1104 3402 αὐτῷ
1119 3337 1171 3403 (τῷ
1180 3335 1277 3406 σχίνῳ)

151 3402 286 3469 χρῆσθαι.
305 3403 340 3454 od
350 3404 430 3453 omnio
441 3420 502 3468 quos
513 3404 554 3464 ers,
565 3399 592 3453 θ.
611 3403 646 3452 od
656 3403 736 3453 omnio
747 3403 851 3466 quaevis,
859 3421 878 3453 r.
897 3404 932 3453 od
941 3404 1021 3453 omniu
1032 3422 1080 3470 quo
1091 3405 1147 3467 eius,
1157 3422 1181 3456 a.
1198 3422 1278 3455 cnuto

19 3523 27 3537 ῃ
70 3536 72 3540 Ι
156 3472 333 3533 nominavi.
360 3472 439 3520 omnia
455 3472 568 3535 pacetur,
581 3473 631 3520 V2.
658 3471 754 3520 amenio
770 3471 941 3534 quosvissd.
967 3470 1003 3521 od
1012 3473 1090 3522 omnib
1101 3473 1277 3537 quoelommo·

156 3538 222 3587 niori
231 3541 273 3599 uis,
285 3536 335 3604 βγ.
358 3541 458 3590 Nomen
469 3536 629 3589 Assorus
642 3539 717 3590 facile
733 3540 863 3590 absorberi
878 3541 962 3605 potuit
976 3557 1023 3606 per
1039 3544 1169 3606 proximas
1180 3542 1277 3592 litteras

156 3607 249 3658 similes
263 3607 365 3666 QVAE
379 3606 448 3670 VIS3
458 3610 489 3657 de
501 3609 556 3672 ipss
567 3609 655 3671 planta
664 3623 686 3657 v.
697 3610 711 3672 §
724 3611 778 3657 109.
792 3614 846 3658 110.
860 3608 978 3660 Ceterum
989 3611 1016 3659 in
1027 3611 1110 3660 verbis
1122 3617 1145 3658 et
1155 3608 1190 3657 od
1197 3608 1277 3658 omnia

154 3675 242 3724 vitium
256 3677 330 3738 latet3
348 3691 407 3726 nem
420 3678 484 3726 haec
495 3677 572 3726 verba
583 3677 691 3740 pessime
702 3676 827 3740 proximis
844 3678 989 3727 concinunt.
1015 3679 1164 3741 Lugendum
1176 3676 1233 3726 siet
1243 3674 1279 3726 od

154 3741 233 3790 omnio
244 3743 260 3792 i.
271 3759 292 3792 e.
304 3752 404 3808 praeter
416 3761 453 3805 es,
467 3759 531 3808 quae
544 3746 575 3793 de
587 3744 693 3795 lentisco
707 3745 823 3805 diximus,
836 3753 874 3794 est
886 3747 908 3794 ei
921 3746 997 3794 otiam
1010 3746 1047 3795 vis
1060 3747 1092 3795 ed
1104 3746 1198 3807 omnia,
1210 3760 1276 3811 qnae

155 3818 193 3858 est
202 3811 309 3861 acaciae.
321 3814 468 3863 Pronomen
480 3828 524 3875 per
532 3812 681 3875 particulam
693 3813 880 3876 etabsorptnm.
891 3853 922 3862 ..
936 3811 1024 3872 sidtu,
1032 3811 1064 3862 V.
1076 3853 1106 3862 ..
1116 3813 1217 3876 poribus
1227 3815 1244 3864 i.
1254 3829 1275 3864 e.

154 3878 285 3940 testiculis,
297 3879 400 3930 Barbar.
420 3921 450 3930 -
470 3879 558 3941 virilso,
570 3881 675 3930 Barbar.
689 3896 712 3929 a.
731 3886 756 3927 ut
768 3879 810 3938 itu,
823 3881 907 3929 VTd.
925 3878 1055 3940 naturalia,
1067 3881 1156 3932 Dalee.
1176 3923 1207 3933 ..
1223 3882 1276 3934 De·

154 3944 280 4007 mocritem,
293 3948 317 3997 d.
335 3987 366 3996 -
389 3944 515 4011 Considiae
526 3947 572 4006 M,
584 3964 607 3996 a.
628 3944 790 4008 considentem,
803 3948 826 3996 d.
848 3945 981 4007 Considiae,
994 3947 1028 3997 V.
1042 3988 1073 3997 ..
1091 3948 1229 4014 consolart's,
1240 3951 1275 4001 V.

156 4051 187 4060 -
207 4009 324 4073 lentiscon,
336 4030 358 4064 a.
379 4055 409 4065 -
425 4015 563 4078 pascebant,
579 4007 659 4063 OVd.
675 4014 796 4078 poscebat,
808 4010 877 4078 asty.

190 4078 257 4140 544.
283 4081 452 4145 scorpionibus,
467 4083 500 4131 K.
522 4083 563 4131 De
579 4082 675 4144 platani
687 4081 711 4129 vi
724 4083 822 4131 medica
833 4097 855 4131 v.
868 4083 985 4133 Dioscor.
1001 4087 1022 4145 1,
1039 4088 1093 4136 107.
1113 4128 1144 4136 ..
1167 4085 1276 4136 ‹lenone-

154 4162 215 4209 rum,
233 4163 284 4197 om.
296 4151 329 4199 V.
349 4189 380 4198 -
408 4157 430 4197 et
445 4148 635 4212 scorpionum.
654 4143 897 4200 OmittOVTKd.
916 4191 947 4200 ..
975 4150 1202 4220 item,Vddtlpp.
1228 4170 1276 4203 nc·

155 4213 250 4275 dentur,·
262 4215 323 4276 item,
335 4211 386 4280 βγ.
404 4217 475 4275 Nihil
488 4218 579 4266 horum
592 4217 669 4266 habet
681 4232 703 4266 s.
715 4256 745 4265 ..
758 4213 851 4278 scillite,
863 4218 917 4268 Vd.
934 4217 1022 4281 sumu,
1035 4236 1080 4288 ar.
1097 4219 1197 4284 scillino,
1210 4239 1230 4272 r.
1243 4263 1274 4272 .-

155 4281 428 4349 omnem-lentt'pinsm,
440 4299 464 4334 a.
482 4284 570 4336 Omitt
583 4283 637 4334 Vd.
