2918 4800
313 339 315 344 -
370 312 440 359 nra.
458 312 559 357 xxvi.
588 310 667 358 car.
683 313 759 358 xm.
775 310 849 358 x1v.
880 308 978 356 sacr.
994 310 1070 353 ssu
1218 293 1280 356 203

158 465 221 528 iam
243 463 422 548 desperatis
444 485 518 527 cum
539 460 681 548 axungia
703 460 876 546 inponitur.
899 459 1107 524 Dictamnnm
1130 469 1206 545 pota
1228 482 1280 524 sa-
1296 480 1343 523 142

158 565 256 651 gittas
278 563 370 649 pellit
392 574 425 628 et
445 563 508 628 alia
530 563 593 627 tela
615 562 751 626 extrahit
763 562 870 640 inlita3
894 562 1016 628 bibitur
1031 584 1071 626 ex
1086 583 1187 645 aquae
1203 585 1280 646 cya-

159 668 213 731 tho
236 665 515 741 folionrmob0103
545 685 702 749 proxume
723 663 1046 749 pseudodictamnum
1053 688 1062 740 ;
1092 675 1227 746 utraque
1250 673 1282 728 et

159 766 407 853 suppurationes
423 765 562 830 discutit
585 763 800 830 Aristolochia
822 787 949 849 quoque
971 765 1080 850 putria
1101 766 1210 829 ulcera
1224 788 1281 829 ex-

160 877 221 945 est,
244 867 374 931 sordida
387 877 506 955 purgat
520 888 593 931 cum
606 865 699 931 melle
713 866 896 950 vermisque
912 865 1061 944 extrahit,
1083 866 1161 931 item
1176 865 1282 930 clavos

159 969 194 1033 in
215 967 324 1033 ulcere
351 979 443 1034 natos
471 978 503 1032 et
523 967 623 1032 infixa
650 968 775 1053 corpori
802 967 920 1046 omnia,
946 967 1119 1054 praecipue
1148 967 1283 1052 sagittas

49 1120 52 1127 «
160 1082 193 1136 et
213 1092 288 1136 ossa
307 1071 408 1136 fracta
430 1093 503 1135 cum
530 1070 654 1146 resina3
685 1091 765 1135 cava
790 1091 866 1134 vero
893 1069 1002 1135 ulcera
1030 1071 1139 1154 explet
1163 1091 1222 1154 per
1248 1085 1346 1132 se14a

161 1183 287 1238 etcum
308 1171 389 1236 iride
409 1172 550 1237 recentia
570 1173 701 1237 volnera
722 1193 763 1235 ex
784 1182 885 1248 aceto,
908 1182 1019 1236 vetera
1041 1171 1148 1236 ulcera
1168 1169 1283 1236 verbe-

160 1295 251 1350 naca,
280 1273 535 1358 quinquefolium
562 1294 634 1338 cum
662 1273 728 1338 sala
750 1283 783 1337 et
803 1275 908 1338 mella.
944 1273 1085 1339 Radices
1105 1271 1286 1356 persolatae

161 1373 344 1439 volneribus
364 1373 449 1439 ferro
463 1373 570 1440 inlatis
584 1374 765 1440 recentibus
781 1373 990 1459 inponuntur,
1013 1375 1091 1439 folia
1111 1372 1284 1450 veteribus,

162 1498 234 1541 cum
255 1475 399 1562 axungia
419 1485 608 1560 utrumque,
638 1489 669 1540 et
690 1498 749 1541 suc
774 1476 850 1542 folio
876 1476 1036 1562 operitur3
1065 1473 1286 1540 damasonium

162 1588 199 1641 ut
218 1577 254 1641 in
277 1586 407 1655 struma,
435 1576 512 1641 folia
540 1576 689 1642 verbasci
711 1599 752 1642 ex
773 1588 865 1643 aceto
886 1589 942 1642 aut
967 1578 1051 1643 vino.
1086 1578 1289 1642 Peristereos

162 1678 331 1742 adomnia
359 1700 477 1763 genera
504 1678 556 1742 vel
585 1679 776 1743 callosorum
802 1679 1116 1764 putrescentiumque
1143 1679 1287 1743 ulcerum

161 1778 252 1854 facit3
281 1779 445 1843 manantia
470 1778 672 1866 nymphaeae
699 1780 857 1846 heracliae
878 1780 971 1845 radix
998 1795 1101 1856 sanat,
1129 1779 1207 1844 item
1229 1800 1286 1863 cy·
1302 1797 1350 1840 144

163 1879 290 1944 elamini
311 1881 406 1945 radix
426 1882 479 1946 vel
499 1904 557 1966 per
580 1904 615 1947 se
637 1881 689 1946 vel
712 1905 752 1947 ex
775 1893 866 1948 aceto
888 1883 940 1948 vel
953 1905 1027 1947 cum
1042 1881 1152 1956 melle3
1175 1881 1287 1946 eadem

163 1992 195 2046 et
216 1991 327 2047 contra
349 1992 535 2047 steatomata
556 1982 684 2061 efficax,
708 1983 792 2048 sicut
812 1983 854 2047 ad
875 1982 983 2048 ulcera
1004 1982 1166 2046 manantia
1187 1982 1286 2066 hyso-

162 2103 251 2167 pum,
272 2083 352 2149 item
371 2084 611 2170 peucedanum3
635 2094 667 2149 et
687 2085 730 2148 ad
750 2084 890 2149 recentia
911 2084 1043 2149 volnera
1064 2082 1113 2149 vis
1129 2094 1218 2146 tanta
1238 2093 1288 2148 est

98 2265 101 2269 Δ
162 2196 199 2251 ut
220 2207 386 2269 squamam
407 2184 534 2250 ossibus
556 2185 712 2251 extrahat.
748 2185 921 2251 Praestant
947 2185 1008 2250 hoc
1037 2196 1069 2250 et
1090 2184 1288 2272 anagallides

164 2287 377 2372 cohibentque
402 2309 484 2371 quas
509 2298 624 2353 vocant
649 2310 760 2353 nomas
789 2298 820 2352 et
844 2287 1105 2364 rheumatismos,
1133 2287 1227 2351 utiles
1256 2295 1289 2350 et

163 2391 344 2457 recentibus
373 2390 479 2478 plagis
507 2390 566 2454 sed
586 2390 759 2476 praecipue
782 2413 893 2455 senum
914 2389 1049 2476 corpori.
1077 2387 1162 2454 Cum
1183 2398 1288 2454 cerato
1304 2407 1352 2451 145

165 2502 360 2578 apostemata
382 2502 414 2557 et
434 2492 541 2556 ulcera
563 2502 666 2556 taetra
680 2493 759 2558 folia
773 2494 1006 2580 mandragorae
1021 2491 1173 2570 recentia,
1195 2491 1288 2556 radix

165 2596 296 2659 volnera
317 2616 391 2660 cum
412 2595 504 2659 melle
526 2604 583 2657 aut
604 2595 684 2674 oleo,
708 2596 811 2660 cicuta
832 2619 905 2661 cum
929 2596 1055 2682 siligine
1075 2595 1175 2660 mixta
1188 2616 1289 2670 mero,

165 2694 291 2759 aizoum
312 2695 461 2782 herpetas
483 2717 611 2780 quoque
632 2708 664 2762 et
685 2719 795 2762 nomas
817 2720 856 2763 ac
876 2698 1101 2784 putrescentia,
1125 2697 1208 2763 sicut
1225 2696 1289 2761 eri·

166 2817 264 2882 geron
291 2797 480 2877 verminosa,
510 2798 654 2863 recentia
680 2809 787 2863 autem
813 2801 943 2865 volnera
971 2801 1123 2888 astragali
1144 2799 1237 2863 radix
1259 2809 1290 2862 et
1344 2884 1347 2891 .

166 2909 276 2962 vetera
304 2898 412 2963 ulcera
438 2922 521 2984 quae
543 2912 661 2989 purgat
683 2900 884 2987 hypocisthis
906 2913 1052 2987 utraque.
1084 2900 1291 2988 Leontopodi

168 3022 276 3065 semen
300 3001 409 3065 tritum
430 3001 463 3066 in
485 3023 569 3085 aqua
591 3012 624 3067 et
646 3025 720 3067 oum
746 3004 876 3088 polenta
895 3003 1024 3070 inlitum
1046 3002 1169 3088 spicula
1190 3002 1290 3088 sagit

201 3209 216 3270 ξ
232 3216 286 3260 143.
301 3225 347 3274 per
357 3226 383 3260 aa
394 3217 416 3258 at
427 3225 486 3271 cam,
500 3211 524 3260 d.
539 3219 677 3275 pareatum,
689 3213 744 3263 Va.
761 3252 792 3261 ..
810 3211 917 3274 nuhaa,
930 3214 1025 3264 Va²d.
1043 3210 1124 3260 ubera
1136 3208 1243 3270 vulnera,
1254 3210 1290 3259 a'.

168 3319 200 3328 ..
218 3294 268 3326 cum
280 3277 338 3340 sale,
350 3280 394 3328 ad.
416 3275 476 3338 sale,
489 3278 523 3327 V.
542 3319 574 3328 ...
589 3277 741 3343 paullum,
754 3280 807 3330 Va.
828 3321 858 3330 ..
873 3282 946 3344 ferro
958 3280 1033 3329 illotis
1045 3278 1180 3338 recentibus,
1194 3293 1245 3327 om.
1256 3278 1291 3327 V.

169 3386 199 3396 ..
213 3345 325 3395 veteribus
337 3361 388 3394 cam
400 3345 516 3409 axungia.
539 3346 668 3410 Utrunque
680 3355 709 3407 et,
720 3364 740 3397 r.
758 3348 821 3397 Vox
832 3348 947 3397 retortus
958 3350 984 3398 in
997 3349 1023 3398 V
1035 3363 1106 3397 erasa
1117 3347 1221 3409 eiusque
1232 3345 1291 3394 loco

168 3415 231 3464 haec
248 3423 306 3464 sunt
318 3417 350 3464 ad
361 3415 502 3477 marginem
514 3415 651 3478 adscupta:
669 3414 803 3464 tuberibus
810 3415 882 3477 ferro
898 3415 973 3465 illatis
988 3415 1119 3465 recentibus
1135 3414 1292 3478 imponantur.

168 3520 200 3530 ...
223 3488 249 3528 ut
264 3481 289 3530 in
304 3488 409 3543 struma,
427 3483 484 3532 Vn.
510 3490 554 3532 aut
569 3483 594 3531 ia
609 3491 714 3546 struma,
732 3499 755 3533 a.
776 3491 853 3532 uatem
870 3492 892 3532 et
908 3484 932 3534 ia
949 3492 1053 3546 sauma,
1070 3485 1103 3533 K.
1130 3523 1161 3532 ..
1188 3481 1292 3532 Perat«-

168 3547 226 3607 rios,
243 3550 278 3599 V.

204 3619 289 3680 5144.
315 3615 466 3677 dunelma.
485 3659 516 3668 ..
541 3617 580 3667 vel
594 3635 640 3683 per
653 3635 722 3680 aaa.
746 3635 834 3684 perse,
846 3620 902 3670 Vd.
921 3661 952 3671 ..
976 3617 1248 3680 summutavit.
1271 3624 1294 3665 st

169 3699 221 3731 cum
233 3683 306 3745 melle,
317 3687 350 3736 K.
365 3728 396 3735 -
414 3686 481 3747 aaut,
494 3703 518 3738 a.
535 3687 569 3736 sic
580 3695 609 3749 et,
620 3682 728 3738 OV'I'd.
743 3727 774 3737 ..
793 3704 910 3754 oesypum,
923 3689 1028 3740 Gesner.
1040 3688 1099 3738 hist.
1111 3687 1188 3736 anim.
1204 3692 1225 3745 l,
1236 3689 1292 3736 tas.

169 3793 201 3800 ..
225 3759 248 3800 et
263 3751 303 3814 od,
320 3755 394 3805 Vad.
423 3754 469 3815 cei,
485 3750 536 3819 βγ.
557 3796 587 3805 ...
610 3771 745 3819 squamam,
766 3748 862 3808 θΤᾱτ.
888 3772 997 3820 squama,
1015 3757 1069 3805 Va.
1095 3754 1194 3813 sanim,
1210 3748 1244 3815 193
1266 3760 1294 3802 et

168 3835 192 3868 v.
205 3820 322 3871 Dioscor.
336 3829 360 3884 3,
373 3830 418 3874 82:
440 3820 568 3888 καθαίρει
586 3820 618 3871 δὲ
635 3819 695 3871 λεία
708 3819 782 3892 ξηρὰ
795 3821 828 3874 τὰ
837 3819 947 3890 ῥυπαρὰ
964 3819 1029 3890 ἕλκη
1047 3818 1092 3871 καὶ
1111 3818 1224 3880 larido<
1238 3816 1291 3871 ἀπὸ

169 3884 271 3937 ὀστέων
287 3886 424 3958 ἀφίστησι.
445 3931 476 3941 ..
494 3889 665 3950 Praestantltc,
677 3892 711 3941 V.

204 3958 218 4019 ξ
234 3962 289 4006 145.
313 3966 400 4017 cerato,
412 3959 503 4007 Dulce.
515 3958 590 4008 Vad.
614 3965 698 4019 cerata
709 3954 738 4020 β.
758 3999 789 4008 ,
813 3966 962 4022 aposteamta
973 3966 997 4006 et
1006 3955 1088 4007 ulcera
1100 3956 1257 4022 taeacsolr'a,
1269 3974 1292 4008 a

170 4021 319 4071 erahmatae
331 4022 457 4085 triasolt'a,
471 4025 505 4073 V.
523 4023 659 4073 &abacto
670 4041 683 4073 e
695 4025 796 4090 trr'folic,
808 4028 831 4076 d.
850 4025 986 4076 mulcerem
997 4032 1021 4075 at
1032 4025 1132 4090 trifolio,
1144 4027 1175 4077 Τ.
1192 4069 1224 4078 ..
1243 4026 1292 4075 aei-

169 4106 244 4150 zoum,
256 4087 285 4152 β.
299 4132 328 4140 -
348 4089 480 4154 tuameres,
489 4092 524 4141 V.
542 4091 657 4153 herbetus,
670 4108 693 4141 a.
707 4135 738 4142 -
754 4101 777 4142 et
787 4109 877 4154 nomae,
887 4095 921 4144 V.
941 4110 970 4142 uc
982 4110 1072 4156 nomm,
1083 4097 1128 4145 ad.
1142 4136 1173 4145 ..
1191 4095 1293 4157 aava.

170 4165 220 4220 aut,
231 4161 283 4209 Τά.
302 4200 332 4208 ..
352 4158 492 4220 verminosa,
503 4175 526 4209 a.
549 4159 672 4222 camara,
684 4161 740 4213 Vd.
757 4201 788 4210 ..
807 4159 887 4210 ubera
899 4178 967 4226 quae,
980 4163 1016 4212 ita
1027 4178 1076 4213 nos
1086 4164 1238 4228 scripsimus.
1257 4161 1293 4211 al·

171 4242 226 4274 cera
237 4243 323 4290 aquae,
333 4228 366 4277 V.
384 4226 464 4276 ahere
476 4244 528 4290 que,
540 4229 564 4277 d.
584 4226 696 4292 ulcera,
709 4246 731 4279 a.
750 4244 819 4292 qaae,
831 4231 862 4281 Τ.
880 4246 971 4296 quoque
982 4229 1069 4293 ulcera,
1081 4226 1132 4296 βγ.
1150 4273 1180 4282 ..
1199 4239 1222 4280 et
1233 4229 1293 4292 cum,

170 4295 224 4344 Va.
248 4310 308 4357 cam,
321 4296 345 4345 d.
364 4336 395 4346 ..
413 4294 525 4360 apkaloa
538 4311 573 4346 a«
1119 4333 1120 4336 =
