2918 4800
408 312 479 357 ura.
496 312 609 358 xxvu.
640 311 718 358 cer.
735 312 767 357 y.
784 313 832 357 vr.
862 310 960 358 sucu.
978 312 1058 356 aa.
1228 295 1289 358 221

166 464 280 541 ticula3
311 463 444 547 siliquas
465 463 602 528 maiores
629 462 701 540 fert,
728 463 760 526 in
788 462 905 547 quibus
935 473 1023 527 terna
1051 472 1107 527 aut
1134 472 1291 546 quaterna

167 567 291 633 semina
312 575 388 630 sunt
409 563 551 650 nigriora
572 573 604 628 et
618 563 797 627 madidiora
811 575 844 628 et
858 562 982 627 minora
996 564 1159 640 lenticula;
1182 563 1289 629 nasci-

112 666 113 669 '
167 680 220 734 tur
246 669 280 732 in
310 666 407 731 arvis.
442 664 566 729 Natura
593 665 635 728 ad
665 663 869 750 spissandum
898 665 1058 729 efficacior
1086 686 1182 748 quam
1210 665 1290 730 lenti

165 770 304 854 reliquos
326 790 404 832 usus
428 767 555 831 eosdem
576 767 683 832 habet.
707 764 870 831 Stomachi
885 765 1012 850 alvique
1026 765 1193 832 fluctiones
1207 768 1292 834 sistit

168 893 277 935 semen
299 869 475 934 decoctum.

212 975 263 1036 22.
286 969 451 1037 Alcibium
474 969 578 1053 qualis
598 979 683 1033 esset
696 967 807 1046 herba,
830 991 893 1034 non
913 969 1020 1055 reperi
1034 969 1121 1055 apud
1136 981 1290 1051 auctores,
1305 988 1337 1032 aa

168 1071 224 1136 sed
246 1073 386 1136 radicem
410 1071 479 1136 eius
501 1080 534 1134 et
555 1070 631 1134 folia
653 1069 728 1134 trita
758 1069 799 1134 ad
827 1071 986 1156 serpentis
1013 1093 1155 1136 morsum
1181 1071 1292 1157 inponi

168 1182 201 1237 et
220 1171 299 1250 bibi,
322 1172 397 1237 folia
418 1180 574 1256 quantum
595 1193 710 1236 manus
733 1171 839 1256 capiat
861 1171 936 1237 trita
950 1194 1022 1237 cum
1037 1172 1104 1237 vini
1120 1174 1198 1238 meri
1215 1197 1291 1259 cya-

169 1273 232 1338 this
254 1273 359 1339 tribus
380 1284 436 1338 aut
458 1273 600 1338 radicem
622 1273 846 1338 drachmarum
869 1274 965 1339 trium
980 1275 1123 1360 pondere
1138 1297 1210 1340 cum
1225 1277 1292 1341 viui

168 1375 278 1465 eadem
299 1398 459 1441 mensura.

218 1479 268 1541 23.
296 1477 466 1543 Alectoros
492 1476 605 1562 lophos
633 1500 715 1561 quae
743 1477 831 1562 apud
864 1499 922 1542 nos
948 1476 1045 1542 crista
1071 1477 1189 1542 dicitur
1215 1477 1293 1544 folia
1306 1496 1338 1539 eo

169 1577 266 1642 habet
288 1578 404 1643 similia
425 1578 593 1665 gallinacei
616 1579 729 1643 cristae
752 1579 856 1663 plura,
881 1579 1006 1644 caulem
1021 1588 1159 1656 tenuem,
1183 1602 1290 1646 semen

168 1679 296 1766 nigrum
317 1679 351 1742 in
374 1681 507 1765 siliquis.
546 1680 647 1745 Utilis
669 1680 879 1746 tussientibus
901 1690 993 1745 cocta
1015 1701 1087 1744 cum
1110 1679 1186 1744 faba
1208 1682 1293 1747 fresa

168 1780 260 1845 melle
281 1781 392 1847 addito
415 1792 448 1848 et
469 1782 599 1870 caligini
620 1782 803 1860 oculorum3
836 1781 974 1846 solidum
1003 1803 1112 1846 semen
1134 1781 1292 1846 conicitur

169 1882 203 1945 in
224 1882 352 1947 oculum
373 1906 432 1949 nec
458 1882 566 1948 turbat
589 1884 700 1948 sedin
723 1906 758 1949 se
787 1882 959 1968 caliginem
981 1881 1148 1947 contrahit.
1184 1881 1294 1950 Mutat

170 1983 306 2049 colorem
335 1994 367 2049 et
395 2008 435 2051 ex
463 1985 557 2072 nigro
589 1983 727 2050 albicare
759 1983 872 2070 incipit
900 1993 933 2048 et
961 1983 1145 2049 intumescit
1172 2007 1210 2050 ac
1234 2008 1294 2071 per

170 2107 204 2148 se
227 2085 302 2150 exit

212 2184 273 2250 VI.
300 2188 352 2250 24.
380 2186 480 2250 Alum
502 2187 589 2270 quod
609 2208 668 2251 nos
690 2209 852 2265 vocamus,
878 2185 997 2253 Graeci
1019 2185 1215 2272 symphyton
1235 2209 1294 2272 pe·
1307 2199 1338 2244 41

170 2297 304 2366 tracum,
333 2287 435 2352 simile
463 2288 588 2353 cunilae
614 2287 770 2366 bubulae,
797 2288 881 2353 foliis
910 2287 1036 2374 parvis,
1065 2287 1163 2352 ramis
1191 2287 1295 2353 tribue

171 2397 226 2451 aut
246 2398 398 2471 quattuor
417 2410 437 2453 a
457 2389 577 2468 radice,
599 2389 821 2455 cacuminibus
843 2389 956 2474 thymi,
981 2387 1191 2467 surculosum,
1214 2388 1294 2453 odo-

171 2498 287 2566 ratum,
316 2490 408 2554 dulce
430 2502 539 2578 gustu,
572 2490 704 2556 salivam
727 2492 825 2570 ciens,
854 2491 961 2557 radice
982 2492 1080 2580 longa
1101 2490 1209 2568 rutila,
1235 2513 1294 2554 na·

174 2590 273 2654 scitur
302 2590 336 2654 in
364 2591 465 2676 petris
492 2592 565 2657 ideo
595 2603 758 2677 petraeum
784 2595 1057 2681 cognominatum,
1091 2591 1296 2658 utilissimum

172 2689 336 2770 lateribus,
365 2691 507 2772 renibus,
535 2693 732 2772 torminibus,
760 2695 893 2778 pectori,
919 2693 1135 2780 pulmonibus,
1164 2693 1295 2782 sangui·

172 2864 276 2914 VRad.
295 2865 399 2927 omniuo,
416 2861 467 2930 βγ.
488 2906 515 2915 -
542 2864 677 2928 cauliculis,
690 2866 742 2916 V².
760 2865 878 2928 caulibus,
894 2882 917 2915 a.
936 2906 967 2915 ..
991 2868 1190 2928 matanatis
1208 2865 1294 2930 (codd.

177 2928 246 2992 Gal.)
265 2940 392 2994 cruentam,
403 2935 457 2984 Va.
476 2975 507 2984 ..
531 2933 586 2996 Usa,
598 2935 643 2983 13¹.
662 2975 693 2984 ...
713 2932 868 2998 hydromeliti,
880 2949 903 2983 a.

207 3001 276 3062 §88.
294 2998 406 3063 Apiaca,
420 2997 500 3052 ORd.
523 3000 616 3065 Asara,
627 3003 712 3051 VTa.
734 3000 841 3065 Aplaca
853 2997 882 3063 β.
902 3001 1021 3051 Ceterum
1032 3017 1056 3051 v.
1069 3002 1186 3051 Dioscor.
1199 3007 1223 3063 t,
1238 3004 1294 3053 177.

174 3106 205 3115 ..
220 3065 315 3130 pusilla,
327 3069 373 3116 Rd
385 3065 469 3129 (codd.
481 3067 609 3131 Barbari).
624 3067 722 3133 pusilla,
733 3071 760 3117 V
772 3067 817 3131 (cx
829 3066 941 3130 emend.)
953 3085 992 3119 ar.
1012 3109 1043 3118 ..
1063 3066 1181 3128 lenticula,
1192 3071 1226 3118 V.
1245 3067 1294 3117 leu-

174 3132 249 3182 ticula
266 3142 306 3191 eet,
324 3136 394 3185 Itur.
417 3134 527 3185 lenticula
544 3144 572 3194 et,
590 3138 655 3186 ltu.
674 3177 705 3185 ..
729 3135 753 3184 ei
768 3152 841 3199 quas,
859 3138 882 3185 d.
904 3177 935 3185 ..
963 3136 1105 3194 etmiuora,
1122 3139 1147 3184 d.
1165 3143 1188 3182 et
1202 3135 1294 3195 maora,

174 3202 250 3252 ΨΒ.
269 3203 357 3254 Omitt.
370 3204 464 3254 V²ar.
481 3197 635 3267 περιεκτικά
651 3202 703 3252 τῶν
716 3199 886 3266 σπερματίων
899 3201 981 3266 τριῶν
993 3202 1009 3266 ἢ
1023 3198 1160 3265 τεσσάρων
1170 3198 1293 3261 μελάνων

173 3263 217 3316 aul
229 3266 397 3333 μικροτέρων
411 3270 511 3334 φακοῦ,
524 3272 640 3320 Dioscor.
660 3310 690 3319 -
709 3269 814 3328 Natura,
827 3270 949 3318 VRadr.
967 3267 1067 3319 Natura
1079 3268 1109 3328 ei,
1120 3264 1171 3332 βγ.
1189 3311 1220 3318 -
1239 3268 1295 3317 reli·

172 3352 231 3462 itm
242 3353 298 3384 aeus
310 3335 408 3398 ωεάωη,
424 3331 563 3388 OVRTa.
581 3336 672 3400 reliquo
688 3353 744 3385 uaur
759 3334 858 3397 eoadem,
870 3352 893 3387 a
916 3333 1006 3400 reliquo
1023 3352 1067 3385 usu
1083 3335 1173 3385 eoadem
1190 3336 1295 3400 eyi‘ectue,

217 3439 223 3450 .
243 3444 274 3452 -
311 3403 410 3452 actionis
430 3421 453 3454 a.

198 3403 421 3533 'lttddlcibiumi
433 3472 537 3526 VRad.
555 3469 675 3531 Alalaiou
687 3466 738 3535 βγ.
758 3511 790 3520 -
813 3469 893 3534 qualia
909 3478 969 3520 eeeet
984 3469 1063 3530 larba,
1083 3486 1134 3521 om.
1151 3487 1171 3520 r.
1195 3511 1226 3520 ..
1249 3485 1295 3519 uou

173 3537 269 3599 repperi
283 3535 350 3601 apud
365 3547 480 3600 auctores,
497 3539 570 3589 aaa.
598 3554 643 3587 aaa
659 3538 756 3602 repperi
770 3546 969 3602 eputtuuctarer‚
987 3539 1021 3589 V.
1046 3535 1113 3602 apud
1127 3545 1234 3587 auctores
1249 3552 1296 3587 aaa

173 3599 323 3721 rzeriygyg.
343 3647 374 3655 -
397 3607 455 3668 eius,
472 3609 560 3657 om.d.
580 3646 610 3655 ..
635 3603 880 3672 cittvltaaapp.
899 3606 947 3656 bibi
957 3605 1042 3668 iubeat,
1055 3601 1103 3669 άβ.
1122 3646 1153 3656 ..
1178 3605 1296 3654 cumoiua

174 3686 186 3717 c
220 3687 262 3731 cm,
293 3707 299 3720 .

208 3735 223 3797 ξ
236 3744 276 3788 40.
295 3736 418 3789 Alectoroa
429 3738 516 3803 lapitas,
526 3742 609 3792 vua.
627 3738 815 3806 Alectroloplca‚
822 3742 854 3792 Τ.
866 3739 1064 3805 Alectorolcpltoa
1075 3735 1184 3804 άβγ.-
1196 3745 1262 3803 aput,
1272 3754 1295 3790 a.

176 3844 207 3853 ..
226 3804 300 3853 cruta
316 3804 384 3870 palli,
398 3809 430 3857 K.
454 3808 527 3856 errata
540 3806 678 3872 palliaacei,
697 3809 808 3860 Pintian.
830 3808 966 3874 palliuacei,
984 3809 1129 3859 deletPint.
1148 3849 1179 3857 -
1199 3814 1295 3869 mouera,

175 3887 226 3920 om.
239 3887 263 3920 a.
286 3913 317 3922 -
341 3888 391 3921 curu
400 3875 468 3938 faba
476 3876 558 3940 fresa,
574 3875 655 3928 VRa
679 3877 785 3940 basreea,
804 3878 827 3926 d.
850 3918 881 3927 ..
899 3875 978 3936 mella,
993 3876 1038 3925 Bt
1062 3916 1092 3925 -
1115 3873 1243 3936 additae.
1263 3916 1294 3926 -

174 3937 274 4001 oculum,
291 3942 322 3991 R.
348 3981 379 3989 -
409 3941 515 4004 coicitur,
535 3943 589 3993 Va.
616 3942 728 4002 traiicitur,
748 3960 768 3994 r.
794 3944 835 3994 De
855 3945 899 3993 illo
919 3960 944 3992 v.
962 3943 1121 3993 Lachmann.
1141 3944 1174 3993 ad
1193 3943 1294 3994 Lucret

175 4011 400 4125 {immitissdgffl
424 4048 455 4059 ..
478 4018 500 4057 et
516 4025 545 4058 ea
560 4008 637 4074 cipro,
658 4003 826 4062 OVRTKa.
848 4009 892 4060 aed
906 4027 936 4059 eu
951 4010 1027 4074 niqra,
1044 4004 1114 4075 assy.
1134 4020 1164 4060 .’.
1184 4018 1214 4073 et,
1225 4011 1295 4062 Ru.

200 4075 265 4125 mitt.
369 4110 375 4123 .

210 4143 225 4205 ξ
238 4147 279 4192 41.
299 4140 363 4206 quael
373 4158 422 4203 aar,
436 4142 467 4191 Τ.
484 4158 533 4203 uua,
545 4137 696 4207 VRadssr.
715 4143 832 4194 Ceterum
844 4143 1034 4206 anianense,
1049 4152 1088 4196 lo.
1103 4187 1133 4196 -
1149 4145 1294 4212 sympletaa

173 4208 233 4258 Va.
256 4251 288 4259 -
310 4226 429 4274 paucum,
445 4211 478 4260 V.
505 4251 536 4260 -
564 4208 631 4259 dulce
649 4217 727 4274 quatu,
742 4211 826 4261 VRd.
851 4217 921 4274 quotu
941 4208 1015 4273 dulce,
1035 4208 1107 4277 αβγ.
1135 4255 1165 4264 ..
1192 4215 1295 4276 renibus,

177 4269 337 4328 avaras.
357 4276 462 4339 lienibus,
474 4276 575 4340 milia,
587 4272 616 4338 β.
641 4319 671 4326 -
685 4276 784 4341 pectori,
797 4270 905 4328 evus.
919 4279 1061 4343 peccantur,
1074 4282 1127 4333 Τά.
1142 4282 1253 4346 pectora,
1265 4279 1293 4344 β.
