2918 4800
393 304 464 351 ms.
479 305 595 351 xxuu.
625 303 704 350 cnr.
720 303 768 349 1v.
786 303 818 348 v.
849 301 947 350 sucu.
963 304 1034 346 e-u.
1229 285 1269 349 53

145 477 259 530 vorum
280 455 406 519 dolores
429 455 551 519 sedant.
574 453 699 519 Pilulne
715 453 870 518 adversus
894 453 1089 538 serpentium
1111 453 1194 519 ictus
1216 452 1267 518 bi·

146 556 265 621 buntur
285 566 343 620 aut
365 555 392 619 si
414 554 545 619 eiciatur
561 556 709 641 sanguis3
733 554 972 619 collectionibus
990 554 1176 620 inlinuntur.
1201 554 1268 618 Ra-

145 658 220 723 mici
241 679 368 742 quoque
391 666 520 721 tenerae
542 668 654 721 tunsae
670 679 743 721 curn
758 657 899 742 axungia
914 667 945 719 et
965 656 1103 721 lomento
1116 668 1267 743 prosunt3

144 759 301 825 bibuntur
325 781 365 823 ex
393 757 504 822 eadem
533 780 649 834 causa3
679 758 817 844 parotidi
848 769 880 821 et
909 770 1049 823 strumae
1071 781 1144 823 cum
1167 758 1270 822 farina

144 859 352 944 inponuntur.
374 858 577 944 Exprimitur
593 883 688 925 sucus
705 859 810 924 tunsis
833 881 905 924 cum
929 860 1049 924 semine
1070 860 1125 942 qui
1149 859 1268 923 mixtus
1285 877 1314 920 te

144 962 214 1026 oleo
236 960 405 1048 caliginem
433 962 595 1026 oculorum
622 961 746 1035 ausert3
775 960 853 1024 item
880 959 1039 1025 victoriati
1066 959 1209 1045 pondere
1235 958 1269 1021 in

95 1068 100 1073 '
145 1061 220 1126 vino
241 1072 336 1147 potus
357 1062 531 1146 inlitusque
553 1085 626 1126 curn
646 1062 707 1126 fico
729 1062 814 1125 sicca
828 1062 952 1148 pingui,
975 1060 1133 1146 exemptis
1148 1058 1268 1146 granis,

145 1162 224 1228 vitia
245 1162 376 1227 testium
398 1173 499 1239 sanat,
529 1171 668 1227 tumores
696 1161 829 1227 discutit
851 1172 882 1226 et
911 1184 984 1228 cum
1007 1161 1161 1224 fermento
1183 1169 1268 1223 stru·

145 1287 224 1330 mas.
247 1263 353 1328 Radix
375 1287 448 1329 cum
469 1264 554 1329 foliis
577 1263 652 1328 trita
672 1275 749 1349 pota
771 1264 896 1328 vesicae
919 1274 951 1327 et
974 1262 1177 1348 stranguriae
1199 1283 1267 1325 me-

145 1364 240 1429 detur
262 1375 294 1428 et
315 1376 426 1430 contra
447 1365 630 1452 phalangia.
653 1364 810 1430 Ramenia
825 1376 902 1451 pota
916 1387 1044 1429 menses
1060 1363 1155 1442 cient,
1181 1385 1267 1427 scor·

144 1466 276 1552 pianum
297 1465 415 1530 ictibus
437 1467 658 1531 adversantur.

188 1570 238 1632 11.
264 1565 391 1632 Codrus
413 1590 529 1654 magna
551 1591 648 1652 quam
670 1569 851 1634 cedrelaten
865 1580 980 1634 vocant
996 1569 1049 1632 dat
1064 1567 1170 1653 picem
1186 1588 1268 1649 quae
1284 1583 1312 1629 ιτ

144 1669 252 1734 cedria
274 1679 415 1747 vocatur,
443 1671 587 1734 dentium
609 1670 772 1736 doloribus
793 1670 1014 1747 utilissimam
1043 1670 1160 1755 frangit
1183 1669 1268 1733 enim

144 1791 201 1834 eos
223 1780 256 1835 et
277 1770 423 1850 extrahit,
452 1771 577 1837 dolores
605 1773 704 1838 sedat.
744 1770 843 1838 Cedri
867 1795 964 1837 sucus
985 1793 1025 1834 ex
1048 1768 1268 1854 ecquomodo

143 1872 233 1936 fieret
260 1872 412 1951 diximus,
439 1873 548 1960 magni
577 1874 618 1938 ad
646 1873 808 1939 volumina
835 1897 923 1952 usus,
952 1873 986 1936 ni
1009 1872 1106 1957 capiti
1128 1872 1268 1935 dolorem

142 1973 282 2038 inferret.
319 1973 484 2040 Defuncta
506 1998 640 2061 corpora
661 1976 846 2061 incorrupta
867 1975 955 2040 aevis
979 1985 1094 2049 servat,
1126 1969 1268 2036 viventia

143 2076 324 2161 conrumpit
348 2077 430 2140 mira
457 2076 651 2155 differentia,
688 2099 760 2142 cum
789 2077 888 2140 vitam
917 2075 1042 2139 auferat
1070 2072 1266 2159 spirantibus

97 2192 99 2199 ’
143 2177 367 2261 defunctisque
389 2199 450 2261 pro
471 2177 536 2241 vita
558 2176 616 2252 eit3
646 2177 746 2241 vestis
773 2199 899 2261 quoque
928 2167 1110 2261 conrumpit
1139 2186 1170 2239 et
1196 2173 1264 2237 ani-

142 2278 238 2342 malia
258 2288 361 2344 necat.
399 2275 453 2344 Ob
475 2278 554 2342 haec
576 2299 639 2342 non
663 2300 812 2342 censeam
838 2277 870 2341 in
892 2277 1020 2364 anginis
1041 2277 1103 2342 hoc
1124 2274 1266 2341 remedio
1282 2298 1311 2342 18

143 2379 298 2443 utendum
319 2379 479 2463 usquein
501 2379 724 2457 cruditatibus,
755 2380 841 2464 quod
863 2401 993 2444 suasere
1015 2379 1125 2462 aliqui,
1148 2387 1264 2466 gustu3

143 2478 250 2542 dentis
272 2502 399 2564 quoque
421 2483 568 2546 conluere
591 2503 632 2546 ex
655 2492 747 2546 aceto
768 2481 802 2544 in
824 2481 932 2547 dolore
948 2481 1108 2546 timuerim
1123 2480 1175 2543 vel
1189 2501 1264 2564 gra-

143 2579 234 2644 vitati
262 2593 318 2645 aut
343 2582 506 2647 vermibus
533 2582 659 2646 aurium
684 2582 849 2648 instillare.
888 2583 1080 2648 Portentum
1110 2580 1265 2664 estquod
1341 2578 1347 2587 ’

144 2682 290 2762 tradunt,
325 2684 501 2749 abortivom
527 2683 596 2748 fieri
624 2684 659 2748 in
685 2705 800 2748 venere
837 2695 910 2748 aute
940 2684 1069 2770 perfusa
1102 2682 1264 2748 virilitate.

143 2780 335 2849 Phthiriasis
356 2807 559 2872 perunguere
582 2807 705 2850 eonon
728 2784 951 2864 dubitaverim,
974 2784 1052 2849 item
1073 2783 1265 2871 porrigines.

144 2882 291 2949 Suadent
312 2896 343 2950 et
364 2897 474 2951 contra
494 2910 654 2952 venenum
675 2887 794 2973 leporis
816 2886 930 2951 marini
958 2885 1068 2952 bibere
1095 2887 1128 2951 in
1151 2907 1263 2972 passo;

142 2984 267 3051 facilius
288 2987 320 3051 in
343 2989 550 3075 elephantiasi
571 2990 716 3055 inlinunt.
754 2988 798 3053 Et
818 2989 926 3055 ulcera
949 2989 1078 3055 sordida
1099 2998 1131 3053 et
1154 3010 1264 3054 excre·
1280 3008 1311 3053 re

143 3191 250 3256 “illinis
262 3197 295 3246 V·
315 3238 346 3246 -
365 3196 513 3261 illidentem,
525 3200 559 3250 V.
578 3240 610 3250 ..
620 3199 680 3262 fleo,
691 3200 745 3250 Vd.
764 3197 825 3260 vino,
837 3217 859 3250 a.
875 3239 906 3248 -
919 3215 1016 3260 umores,
1029 3215 1052 3249 a.
1066 3238 1097 3247 ..
1106 3205 1174 3261 pota,
1187 3196 1233 3246 Vs
1241 3197 1265 3244 d.

140 3269 252 3325 potaque,
264 3258 314 3328 βγ.
334 3307 365 3314 ..
387 3265 516 3329 medentur,
528 3267 584 3317 Vd.
609 3307 640 3317 ..
663 3267 801 3331 scortonyia
812 3277 837 3316 et
845 3266 1029 3330 plopionnm‚r
1044 3266 1106 3313 vitio
1124 3279 1265 3328 operarum.

144 3369 176 3379 ..
190 3328 264 3379 adver
276 3341 411 3395 verreantnr,
422 3336 456 3383 V.

178 3400 193 3462 §
208 3401 245 3448 17.
267 3398 362 3462 Gedros,
374 3402 407 3450 V.
422 3441 452 3449 ..
471 3399 627 3463 cedroelaten,
639 3400 694 3452 Vd.
709 3440 740 3450 ..
753 3399 843 3462 cedrio,
855 3416 877 3449 a.
897 3399 1017 3462 decedria,
1030 3403 1054 3450 d.
1073 3397 1175 3458 decreta,
1188 3398 1223 3447 V.
1234 3437 1265 3446 .-

143 3473 265 3528 vorantur,
277 3469 310 3517 V.
329 3509 360 3518 ..
379 3475 402 3516 et
413 3466 526 3529 extrahit,
538 3484 560 3517 a.
578 3468 690 3530 extrahit,
701 3468 757 3518 Vd.
771 3509 801 3518 ..
820 3466 931 3531 dolorem,
944 3471 997 3520 Τὰ.
1012 3509 1043 3518 -
1062 3467 1165 3516 diximus
1178 3471 1217 3526 16,
1225 3470 1265 3515 52.

144 3534 204 3582 coll.
217 3536 331 3586 Dioscor.
348 3542 440 3598 l,105.
466 3577 495 3585 -
518 3537 607 3601 manni,
620 3539 646 3587 V
662 3537 690 3599 (a
705 3552 738 3587 m.
755 3553 802 3601 pn,
819 3546 848 3586 ut
860 3537 970 3599 videtur)
988 3541 1032 3588 ad.
1055 3550 1152 3601 macno,
1163 3535 1214 3583 V².
1234 3574 1266 3584 -

144 3599 270 3662 volucrina,
283 3605 386 3654 VTad.
410 3602 506 3665 lumino,
518 3600 568 3669 βγ.
592 3647 624 3656 ..
647 3605 699 3668 nisi,
713 3606 743 3655 Τ.
768 3646 798 3655 ..
821 3604 904 3670 capiti,
920 3599 1050 3657 OVTad.
1074 3596 1210 3666 capitiass.
1234 3642 1265 3652 ..

144 3665 321 3731 alienare.
345 3669 498 3733 dolore‚Ve.
522 3715 552 3723 ..
581 3673 647 3723 aenis
662 3681 749 3736 novat,
762 3690 778 3723 a
794 3670 882 3736 (codd.
896 3673 966 3737 Gal.)
985 3681 1007 3722 et
1022 3672 1170 3732 viacerctd.
1193 3677 1216 3719 et
1231 3669 1265 3720 υί-

143 3753 220 3798 scera,
232 3739 266 3790 V.
286 3780 316 3790 ..
335 3739 393 3801 vita,
405 3742 438 3790 V.
460 3782 490 3791 ..
509 3739 675 3806 defunctisque,
691 3734 822 3793 OVTad.
841 3741 965 3804 defunctis,
977 3737 1005 3803 β.

178 3807 193 3869 §
208 3813 245 3857 18.
264 3805 329 3868 laec,
341 3809 415 3859 Vad.
435 3807 483 3870 lor,
495 3805 524 3869 β.
539 3850 569 3859 ..
582 3809 701 3875 anguinis,
715 3810 748 3859 V.
762 3850 792 3860 -
805 3817 889 3873 quetm
900 3809 987 3869 dentes,
999 3825 1022 3858 a.
1039 3814 1138 3871 qnetotn
1150 3805 1236 3870 dentes,
1242 3810 1265 3859 d.

144 3872 296 3935 enetodentes,
309 3877 355 3924 V¹.
379 3876 604 3937 custodientee‚V².
625 3875 776 3941 prestandum,
789 3879 821 3927 K.
849 3917 873 3926 -
901 3875 1013 3925 nennium
1029 3874 1133 3936 cumbae,
1146 3891 1168 3924 a.
1193 3917 1223 3925 -.
1242 3876 1267 3924 in

143 3946 289 4000 veneraad.
313 3943 426 4007 invenire,
439 3947 472 3995 V.
487 3944 554 4006 fieri,
567 3943 591 3993 in
604 3961 686 3994 venem
697 3953 769 3993 unctu
778 3944 846 4008 prins
857 3943 978 4005 virilitate,
990 3945 1056 3993 Pint.
1081 3985 1111 3994 ..
1137 3942 1267 4004 viriditate,

144 4010 199 4059 Vd.
219 4051 249 4059 ..
269 4010 395 4073 Ριίνίαειὶε,
407 4028 430 4062 a.
449 4011 574 4073 measa,
586 4015 639 4064 Vd.
658 4015 722 4064 Esse
738 4013 782 4076 qui
796 4013 925 4077 pityrinees
941 4012 1025 4075 legere
1041 4013 1140 4074 malint,
1158 4027 1268 4077 quorum

143 4079 294 4128 sententiam
307 4088 396 4144 postea
408 4080 566 4144 praelerebat
577 4081 658 4141 Brot,
672 4089 757 4131 narrat
768 4080 846 4130 Herd.
855 4121 884 4129 -
897 4080 1068 4140 iten‚VTad.
1079 4080 1185 4144 itemque,
1198 4074 1227 4141 β.
1236 4120 1266 4128 ..

144 4142 254 4194 Suadent
270 4155 299 4209 et,
315 4150 359 4198 ad.
386 4145 502 4207 Suadent,
519 4148 553 4196 V.
582 4189 611 4197 ..
640 4163 737 4207 uenena,
755 4149 778 4196 d.
807 4189 837 4196 -
864 4146 968 4199 cedrium
985 4149 1068 4212 bibere,
1087 4150 1191 4202 Gesner.
1209 4148 1267 4197 hiet.

144 4215 220 4262 anim.
220 4222 259 4333 Bt,
272 4221 329 4266 tos.
358 4257 388 4265 ,
416 4213 519 4275 illinunt,
542 4207 586 4265 Ur.
608 4216 632 4264 si
642 4214 745 4275 illinunt,
763 4231 786 4264 a.
809 4214 941 4279 illinantur,
959 4220 982 4268 d.
1006 4217 1121 4280 illinatnr,
1139 4211 1197 4277 νβ.
1220 4213 1267 4263 illi·

144 4289 209 4340 nunt,
244 4291 292 4333 rot.
305 4297 330 4348 r.
