2918 4800
303 289 1015 354 nm.xxv1.en1³.vm.1x.sacr.ss-m
1176 287 1236 352 187
1378 263 1380 267 ¹

119 479 227 525 rorum
248 456 338 521 dolor
360 470 489 521 sanatur
509 455 611 522 obolis
633 455 736 521 tribus
757 455 792 519 in
814 455 880 520 vini
902 455 1018 520 veteris
1040 455 1155 539 cyatho
1169 478 1234 520 uno

119 567 204 644 poto.
228 555 491 642 Quinquefolium
512 556 694 622 ischiadicis
717 568 748 622 et
768 556 890 622 bibitur
912 566 944 622 et
965 555 1137 641 inponitur,
1160 557 1237 622 item

122 659 315 724 scammonia
341 658 472 723 deooota
499 669 531 723 et
557 679 629 723 oum
656 657 767 723 hordei
798 657 902 721 farina
909 680 917 733 3
952 679 1061 722 semen
1092 657 1238 743 hyperici

120 760 286 845 utriusque
313 758 435 825 bibitur
461 782 502 825 ex
529 759 613 824 vino.
650 757 745 825 Sedis
766 757 845 824 vitia
868 768 899 823 et
921 758 1049 822 attritus
1075 759 1239 824 oelerrime

121 872 212 927 sanat
238 862 402 948 plantago,
431 861 654 945 condylomata
683 859 947 944 quinquefolium,
975 859 1084 924 sedem
1106 881 1239 924 conver-

121 985 189 1028 sam
211 962 380 1047 cyclamini
402 962 495 1026 radix
516 984 556 1027 ex
578 973 685 1037 aoeto;
716 951 931 1049 anagallidum
960 961 1105 1026 caerulea
1133 959 1239 1047 proci·

121 1063 261 1128 dentiam
284 1063 370 1128 sedis
392 1073 477 1128 retro
499 1064 576 1149 agit,
600 1086 618 1128 e
641 1063 767 1129 diverso
789 1062 908 1130 rubens
929 1061 1075 1147 proritat.
1106 1059 1240 1146 Cotylo·
1254 1081 1284 1125 ar

120 1165 183 1230 don
200 1164 421 1249 condylomata
439 1174 470 1229 et
485 1165 723 1230 haemorroidas
738 1165 817 1228 mire
836 1175 936 1242 curat,
957 1163 1087 1228 testium
1104 1174 1241 1228 tumores

121 1266 205 1332 aoori
226 1265 319 1329 radix
333 1265 465 1330 decocta
486 1265 520 1329 in
542 1265 616 1331 vino
631 1265 768 1349 tritaque
782 1265 882 1330 inlita.
904 1264 1128 1351 Intertrigines
1143 1274 1242 1351 negat

120 1366 190 1432 fieri
213 1365 296 1432 Cato
317 1366 512 1454 apsinthium
534 1367 704 1432 Ponticum
731 1389 838 1432 secum
864 1365 1072 1443 habentibus3
1099 1365 1165 1430 IX.
1187 1365 1242 1431 alii

122 1468 265 1534 adiciunt
286 1477 317 1533 et
337 1468 480 1553 puleium
502 1468 599 1553 quod,
627 1467 654 1533 si
677 1467 803 1533 ieiunus
824 1469 896 1552 quis
917 1468 1033 1554 legerit
1062 1467 1089 1533 si
1110 1478 1185 1554 post
1207 1489 1242 1532 se

122 1570 251 1657 adliget,
274 1569 416 1656 inguinis
438 1569 563 1635 dolores
584 1568 734 1655 prohibet
755 1581 810 1634 aut
833 1568 924 1634 sedat
946 1579 1086 1654 ooeptos.

165 1671 215 1737 59.
237 1669 416 1758 Inguinalis
438 1693 534 1755 quam
555 1671 686 1754 quidam
706 1692 910 1756 argemonem
931 1682 1045 1736 vocant
1066 1669 1188 1756 passim
1208 1669 1242 1735 in
1255 1689 1287 1734 aa

122 1771 274 1857 vepribus
295 1794 431 1837 nascens
453 1782 488 1837 ut
509 1773 611 1858 prosit
631 1772 665 1835 in
686 1794 784 1836 manu
805 1782 929 1836 tantum
949 1772 1098 1838 habenda
1119 1783 1177 1837 est.

166 1874 216 1936 60.
238 1872 346 1939 Panos
361 1885 452 1939 sanat
466 1896 605 1959 panaces
627 1896 667 1939 ex
682 1874 783 1952 melle,
798 1873 952 1961 plantago
967 1895 1041 1938 oum
1055 1873 1132 1950 sale,
1146 1873 1241 1957 quin-

124 1974 308 2058 quefolium,
330 1975 510 2061 persolatae
531 1975 625 2040 radix
646 1975 737 2041 utin
760 1975 897 2053 strumis,
918 1974 996 2039 item
1010 1974 1241 2054 damasonium,

123 2073 311 2140 verbascum
333 2099 407 2141 cum
428 2098 486 2141 sua
507 2075 615 2142 radice
636 2087 777 2154 tunsum,
800 2076 874 2141 vino
896 2075 1083 2161 adspersum
1101 2075 1242 2160 solioque

122 2176 299 2241 involutum
323 2187 356 2241 et
376 2177 421 2240 ita
441 2176 476 2241 in
498 2177 604 2242 cinere
626 2177 818 2242 calefactum
839 2187 875 2241 ut
895 2175 1068 2263 inponatur
1094 2177 1242 2243 calidum.

123 2277 261 2364 Experti
280 2277 488 2344 adfirmavere
509 2279 693 2364 plurumum
707 2278 837 2357 referre,
861 2278 888 2343 si
902 2277 994 2365 virgo
1008 2278 1143 2363 inponat
1156 2279 1243 2343 nuda
1256 2296 1289 2342 aa

124 2379 231 2445 ieiuna
252 2380 359 2446 ieiuno
382 2391 414 2445 et
436 2404 533 2446 manu
556 2382 672 2467 supina
693 2392 828 2469 tangens
851 2381 951 2446 dieat:
985 2390 1106 2467 „negat
1126 2379 1244 2466 Apollo

123 2493 247 2568 pestem
269 2505 365 2568 posse
388 2505 532 2549 erescere
555 2483 607 2548 cui
629 2483 717 2548 nuda
738 2483 830 2569 virgo
846 2483 1057 2571 restinguat”‚
1080 2493 1176 2566 atque
1198 2481 1244 2546 ita

124 2596 264 2649 retrorsa
284 2607 382 2649 manu
404 2596 453 2650 ter
475 2584 561 2649 dicat
583 2584 762 2669 totiensque
785 2585 944 2671 despuant
966 2584 1071 2648 ambo.
1093 2581 1243 2646 Medetur

125 2694 156 2749 et
177 2683 271 2749 radix
292 2686 526 2773 mandragorae
542 2708 581 2751 ex
596 2707 691 2770 aqua,
714 2686 832 2752 radiois
851 2686 1064 2753 scammoniae
1079 2686 1244 2750 decoctum

125 2857 258 2907 VRTad.
276 2874 336 2920 cum,
348 2854 399 2923 βγ.
422 2899 448 2907 ..
469 2858 657 2924 quinquisclim
670 2877 692 2911 a.
713 2902 742 2911 ..
761 2859 847 2923 sedem,
860 2865 883 2912 d.
900 2858 1002 2920 redeam,
1014 2861 1066 2910 Ra.
1084 2857 1128 2908 sad
1138 2874 1197 2918 acm,
1210 2858 1244 2908 V.

127 2966 157 2974 ..
181 2941 326 2986 conversam,
343 2927 441 2977 VR¹d
468 2926 609 2978 calumniam
625 2945 767 2990 conversam,
784 2946 807 2980 a.
834 2927 983 2990 calomniam,
1000 2930 1050 2979 R2.
1076 2942 1166 2989 wasa,
1187 2919 1245 2976 θΚ.

126 3009 237 3053 masam,
250 3008 275 3059 γ.
303 2994 422 3044 Ceterum
443 3011 466 3044 v.
488 2997 605 3047 Dioscor.
621 3003 645 3057 3,
666 3002 730 3058 19³„
749 2999 791 3061 qui
813 2993 896 3060 ἕδραν
916 2995 1105 3061 προπεσοῦσαν
1126 2995 1193 3045 dicit.
1213 3034 1245 3042 -

125 3059 301 3126 acepallidum,
318 3054 493 3113 OVRTadr.
516 3061 650 3128 cnaqallis,
661 3059 690 3125 β.
711 3105 742 3114 -
762 3062 947 3128 procidentiam,
963 3056 1102 3115 OVRKd.
1117 3058 1245 3125 proceden-

127 3129 192 3189 tium,
205 3146 227 3179 a.
243 3125 401 3193 procidentia,
413 3125 442 3191 β.
462 3173 493 3180 -
510 3129 585 3193 sedes,
597 3148 620 3182 a.
639 3172 670 3181 ..
687 3131 801 3194 patrizat,
814 3133 884 3182 Via.

160 3200 227 3260 591.
249 3193 456 3258 mahdmvrt.
481 3239 512 3248 ..
535 3206 627 3260 carcat,
640 3215 663 3249 a.
682 3240 713 3248 -
738 3199 847 3262 tritaque,
860 3192 888 3247 θ.
907 3197 971 3259 trt‘tc,
985 3212 1007 3246 a.
1031 3196 1178 3260 trr'tcctqoe,
1191 3197 1246 3246 Τὰ.

128 3263 228 3327 tritaque
240 3273 268 3325 et,
280 3261 389 3329 VRssr.
400 3306 431 3315 ..
442 3273 517 3326 necat,
529 3283 553 3316 a.
567 3305 598 3314 ..
614 3263 673 3314 Cato
685 3267 716 3315 de
727 3281 754 3315 re
767 3275 828 3315 rust.
842 3271 898 3316 159.
909 3306 940 3314 -
952 3263 1047 3325 siccam,
1059 3265 1093 3314 K.
1106 3304 1136 3313 ..
1155 3263 1179 3311 si
1190 3262 1247 3312 icia-

127 3347 170 3379 nus
182 3333 241 3396 qaia,
254 3334 287 3384 V.
308 3332 418 3394 tristanus
434 3332 493 3395 quir,
505 3335 538 3383 R.
559 3348 605 3395 qao
623 3332 661 3382 die
678 3348 737 3381 anus
753 3333 813 3396 qais,
825 3347 847 3382 a.
870 3332 961 3381 ieiunus
976 3330 1038 3395 quir,
1050 3334 1074 3381 d.
1092 3330 1182 3380 ieiunas
1198 3331 1246 3394 qai,

126 3395 176 3515 {pa
196 3441 227 3450 ..
247 3409 303 3465 port
317 3417 355 3465 re3
373 3416 419 3466 pro
432 3402 473 3451 his
484 3415 524 3450 vv.
537 3401 632 3451 habent
644 3408 725 3465 posset
734 3402 808 3462 Rad,
828 3399 905 3464 possit
919 3400 952 3449 V.
976 3440 1008 3450 ..
1026 3398 1152 3464 probibent
1169 3407 1195 3449 et
1209 3415 1246 3447 sa-

163 3475 194 3528 nt,
207 3483 231 3518 a.

161 3537 229 3599 592.
247 3534 389 3600 Inquinalr's,
403 3530 542 3588 OVRTd.
559 3536 683 3602 Inparibus,
695 3551 717 3585 a.
735 3535 887 3601 Inquinaric,
898 3531 928 3599 β.
948 3578 977 3586 ..
996 3550 1151 3600 carpetaneam,
1164 3537 1187 3584 d.
1205 3550 1246 3582 cr-

126 3618 216 3666 pemon
229 3605 297 3654 R2a.
315 3604 458 3669 crqcmonic,
474 3597 575 3656 0VR¹.
593 3603 753 3670 arcemonion
766 3606 797 3655 Τ.
819 3608 860 3656 Dc
875 3605 1020 3670 integritate
1035 3605 1174 3668 primorum
1190 3617 1247 3652 ver-

128 3670 219 3720 borum
236 3673 335 3723 dubitat
349 3673 417 3723 Pint.
436 3715 467 3729 .,
484 3673 570 3737 prosit,
585 3674 668 3724 VRa.
684 3672 761 3736 prosit
775 3672 918 3738 inguinibus,
935 3666 1008 3736 ἁβγ.
1031 3713 1062 3720 -
1082 3685 1160 3730 mccc,
1171 3672 1246 3721 VR¹.
1305 3726 1308 3731 ,

129 3779 160 3786 -
180 3740 357 3799 tantam,R²a.
382 3739 479 3803 lanium,
492 3742 589 3792 VR'd.
614 3783 645 3791 ..
669 3738 780 3790 habenda
795 3749 837 3804 art,
855 3741 935 3791 vna.
959 3736 1141 3798 tabendqrd.
1165 3780 1196 3787 -
1219 3753 1248 3787 cx

128 3804 203 3867 mella,
217 3807 328 3858 VRTd.
346 3823 397 3857 cam
409 3806 483 3871 melle,
496 3804 568 3873 asty.
589 3851 619 3859 ..
638 3807 828 3872 qainqrtisolicm,
841 3825 863 3859 a.
883 3849 914 3858 ..
933 3805 1060 3872 persollae,
1073 3808 1157 3857 R²ad
1169 3804 1248 3871 (opti-

128 3890 185 3924 mus
197 3875 261 3923 liber
272 3890 311 3937 ap.
324 3874 431 3926 Salmas.
444 3878 476 3927 de
488 3878 549 3941 hyle
560 3893 585 3942 p.
599 3881 638 3927 51.
650 3878 675 3927 b.
689 3877 728 3938 (1.,
741 3878 784 3941 qui
795 3873 907 3941 probat).
923 3873 1040 3940 pascae,
1053 3875 1128 3924 Vnt
1139 3914 1169 3923 ..
1179 3881 1205 3923 at
1216 3874 1248 3936 in,

129 3943 214 3992 111αά
226 3939 351 4006 (optimus
362 3943 426 3994 liber
438 3942 560 4007 Salmas.)
572 3952 622 4006 aut,
634 3946 701 3995 VR'
709 3945 740 3994 Τ.
760 3952 786 3992 nt
796 3952 826 4006 et,
837 3945 871 3994 K.
883 3985 914 3994 ..
927 3951 1038 4004 strumas,
1047 3943 1080 3992 K.
1094 3983 1124 3992 -
1137 3940 1248 4004 calidum,

129 4010 197 4059 R'la.
217 4010 305 4060 omitt.
318 4011 415 4062 VR'd.

164 4079 230 4141 593.
249 4074 321 4139 anda,
338 4079 372 4128 V.
392 4120 423 4129 ..
442 4077 527 4140 ieiuno,
542 4081 580 4128 ad
597 4076 692 4140 (codex
704 4079 789 4130 Ursini
806 4080 837 4129 ad
853 4079 927 4129 Varr.
945 4081 976 4128 de
991 4093 1018 4128 re
1035 4087 1096 4129 rust.
1113 4078 1134 4128 L
1153 4081 1176 4141 2,
1194 4077 1249 4141 at.)

131 4145 219 4196 Omitt.
238 4140 354 4196 OVRT.
379 4187 410 4196 ..
434 4153 511 4210 nepot,
527 4146 575 4196 Vd
598 4144 666 4208 (cod.
682 4143 789 4208 Ursini).
807 4153 917 4208 necata.
940 4145 1012 4207 dicct,
1029 4147 1080 4198 Rs
1104 4147 1249 4198 Omittut

131 4254 162 4262 ..
181 4213 226 4275 cci,
239 4214 363 4265 varas
380 4211 449 4276 (cod.
461 4211 567 4275 Ursini).
585 4229 664 4277 qaam,
675 4209 703 4274 β.
727 4254 758 4263 ..
782 4220 895 4274 retrorsa,
911 4215 989 4265 VRa
1005 4212 1074 4279 (cod.
1086 4213 1194 4278 Ursini).
1212 4229 1249 4264 ra-

131 4287 203 4344 torsa,
220 4282 292 4332 Tdr.
318 4290 415 4346 retorta,
432 4281 521 4335 Dalec.
539 4322 571 4332 ..
589 4279 708 4347 darant,
724 4281 808 4335 V....
827 4279 997 4348 mandaqoro,
1015 4299 1038 4334 a
