2918 4800
203 277 243 338 72
555 289 759 337 urrunnnrs
781 288 977 338 nrsromnn

202 444 298 511 etiam
319 443 352 507 in
373 441 492 508 hedera
512 453 671 527 quaerunt
684 465 781 528 quam
793 465 833 509 ex
850 452 941 508 aceto
955 441 1159 507 utilissimam
1174 443 1325 510 dentibus

202 545 403 633 promittunt.

244 650 296 713 48.
320 643 438 712 Graeci
460 644 564 710 vicino
587 644 743 711 vocabulo
766 645 890 711 cisthon
913 646 1075 733 appellant
1092 647 1241 713 fruticem
1257 671 1325 713 ma·
1338 666 1369 711 si

201 751 301 816 iorem
330 748 450 833 thymo,
477 747 561 813 soliis
589 746 694 812 ocimi.
730 747 808 813 Duo
836 748 904 813 eius
933 771 1070 834 genera:
1100 747 1160 814 flos
1183 751 1325 816 masculo

200 872 361 929 rosaceus,
384 849 521 914 feminae
543 847 646 914 albus.
668 848 775 914 Ambo
796 860 933 934 prosunt
953 850 1159 935 dysintericis
1181 862 1213 916 et
1237 853 1324 919 solu-

201 952 341 1020 tionibus
362 952 484 1018 ventris
505 950 539 1014 in
560 951 636 1015 vino
658 961 788 1017 austero
810 951 908 1041 ternis
930 952 1041 1040 digitis
1061 953 1140 1018 flore
1163 965 1269 1040 capto,
1293 965 1326 1021 et

201 1055 347 1121 similiter
372 1040 424 1120 bis
453 1053 505 1118 die
533 1064 610 1139 poto
638 1053 800 1119 ulceribus
827 1052 990 1119 veteribus
1020 1067 1052 1119 et
1073 1054 1230 1121 ambustis
1252 1079 1325 1122 cum

201 1181 276 1224 cera
297 1167 329 1222 et
349 1178 408 1242 per
429 1179 463 1221 se
484 1154 550 1221 oris
571 1154 740 1220 ulceribus.
765 1153 835 1220 Sub
856 1155 907 1220 his
928 1178 1077 1221 maxume
1098 1156 1243 1222 nascitur
1263 1158 1325 1244 hy-

201 1258 356 1346 pocisthis
377 1281 474 1343 quam
496 1257 580 1323 inter
601 1257 717 1322 herbas
739 1257 893 1322 dicemus.

244 1363 297 1426 49.
322 1358 435 1426 Cissos
457 1359 646 1444 erythranos
669 1359 710 1424 ab
723 1358 839 1424 iisdem
854 1359 1034 1446 appellatur
1049 1360 1161 1426 similis
1176 1361 1325 1442 hederae,
1338 1375 1373 1422 82

204 1462 435 1529 coxendicibus
456 1460 546 1527 utilis
568 1484 586 1526 e
608 1460 683 1526 vino
705 1471 811 1547 potus,
834 1461 912 1526 item
925 1460 1054 1539 lumbis,
1077 1471 1166 1527 tanta
1186 1461 1219 1528 vi
1240 1463 1326 1530 acini

202 1575 239 1630 ut
264 1564 451 1651 sanguinem
478 1564 571 1628 urina
599 1562 763 1640 detrahat3
791 1563 869 1628 item
896 1562 1134 1628 chamaecisson
1162 1563 1328 1650 appellant

202 1666 353 1732 hederam
381 1689 446 1731 non
472 1665 669 1731 attollentem
698 1687 732 1729 se
758 1687 778 1729 a
807 1675 901 1730 terra.
938 1664 984 1728 Et
1010 1664 1090 1730 haec
1116 1675 1271 1730 contunsa
1292 1665 1327 1730 iu

183 1756 278 1834 'vino
305 1767 464 1834 acetabuli
492 1789 644 1833 mensura
669 1766 746 1831 lieni
773 1766 934 1846 medetur,
964 1766 1040 1832 folia
1067 1766 1224 1831 ambustis
1252 1789 1327 1832 cum

203 1869 353 1958 axungia.
386 1868 491 1933 Milax
505 1891 634 1953 quoque
655 1867 711 1953 qui
733 1867 951 1954 anthophoros
973 1867 1216 1954 cognominatur
1237 1867 1326 1933 simi-

201 1970 369 2036 litudinem
389 1969 528 2037 hederae
549 1970 657 2049 habet,
685 1968 885 2035 tenuioribus
912 1968 1006 2034 foliis.
1044 1968 1204 2035 Coronam
1226 1991 1266 2033 ex
1287 1990 1326 2035 eo
1339 1985 1373 2031 ea

201 2071 317 2136 factam
337 2072 443 2157 inpari
465 2072 616 2139 foliorum
630 2093 763 2136 numero
777 2071 867 2135 aiunt
881 2070 995 2156 capitis
1013 2070 1178 2136 doloribus
1192 2071 1326 2136 mederi.

206 2169 348 2253 Quidam
377 2174 441 2238 duo
467 2197 589 2262 genera
623 2172 746 2238 milacis
781 2172 909 2252 dixere,
943 2173 1079 2238 alterum
1110 2172 1328 2238 inmortalitati

206 2296 409 2359 proxumum,
438 2275 472 2338 in
496 2274 695 2340 convallibus
716 2274 825 2361 opacis
849 2274 1054 2339 scandentem
1082 2272 1242 2350 arborum,
1270 2294 1327 2338 co·

204 2375 366 2440 mantibus
388 2374 552 2439 acinorum
579 2373 739 2458 corymbis
767 2383 879 2438 contra
903 2385 1062 2439 venenata
1088 2375 1195 2440 omnia
1216 2373 1328 2439 effica-

205 2475 344 2541 cissimis
364 2475 399 2538 in
421 2485 546 2541 tantum
566 2484 602 2540 ut
623 2475 787 2539 acinorum
809 2496 885 2540 suco
906 2473 1081 2541 infantibus
1104 2496 1201 2561 saepe
1221 2474 1328 2540 instil-

206 2577 272 2642 lato
293 2576 381 2640 nulla
401 2586 513 2662 postea
533 2598 657 2642 venena
678 2575 823 2642 nocitura
845 2576 909 2642 sint
914 2600 924 2653 3
954 2577 1090 2643 alterum
1116 2598 1220 2664 genus
1242 2578 1329 2643 culta

242 2816 313 2863 quam
325 2808 350 2851 et
361 2799 519 2864 aulaumaiu,
534 2793 636 2853 ovas.
654 2801 719 2867 quod
729 2811 754 2854 et
765 2801 920 2867 anibsimum,
931 2799 960 2866 β.

241 2881 308 2944 881.
336 2883 478 2945 chistcn‚V.
497 2884 887 2946 ceterumv.1)i0seor.1‚1as.
908 2928 938 2936 ..
965 2885 1048 2952 ccymi,
1060 2887 1094 2936 V.
1114 2927 1144 2936 ..
1169 2893 1192 2934 et
1206 2885 1329 2935 caledoni-

208 2951 262 3012 bua,
279 2954 323 3002 ad.
353 2952 403 3001 eius
419 2951 556 3012 ultionibus,
569 2954 603 3004 V.
626 2995 659 3004 ..
687 2953 771 3015 temti,
788 2954 892 3005 V'l'ad.
923 2953 1003 3016 trinu,
1020 2955 1069 3004 Kr.
1094 2994 1126 3004 -
1152 2961 1234 3017 capto,
1252 2954 1327 3004 Vad.

206 3026 297 3082 carpto,
313 3020 364 3072 Kr.
383 3058 415 3070 ..
438 3019 575 3085 hypocistia,
586 3021 641 3072 Vd.
668 3019 790 3087 hypocitia
807 3037 829 3071 a.
848 3062 880 3072 ..
902 3019 1111 3082 habundium,
1127 3021 1194 3072 hauc
1206 3021 1329 3072 Gronorii

207 3088 409 3137 emendationem
425 3089 575 3139 confirmant
585 3089 632 3139 Td
649 3089 743 3140 collato
756 3093 797 3151 26,
811 3095 851 3140 49.
874 3087 960 3138 herim
976 3087 1086 3150 diximus,
1098 3090 1132 3139 V.
1155 3085 1254 3138 hederas
1265 3086 1329 3138 debe-

206 3170 265 3214 mus,
278 3170 301 3205 a.
319 3152 420 3204 hederas
432 3153 543 3218 discimus,
553 3151 583 3218 β.
600 3157 642 3206 De
654 3157 752 3208 dicendi
763 3158 861 3207 ratione
872 3171 895 3207 v.
909 3163 949 3217 19,
965 3162 1021 3208 128.
1039 3162 1080 3219 22,
1094 3161 1150 3206 118.

239 3237 313 3299 582.
340 3238 486 3305 erythranos,
503 3242 547 3292 ad.
577 3240 704 3306 aymarus,
724 3233 753 3292 θ.
780 3249 914 3306 erytyanoa
930 3241 963 3291 V.
993 3237 1068 3290 Gaas
1083 3237 1259 3304 erythrodcnoa
1275 3241 1330 3291 Da·

204 3306 251 3356 lec.
275 3349 306 3357 ..
332 3305 429 3368 ladem,
446 3310 480 3359 V.
503 3349 534 3358 -
562 3316 631 3357 tanta
646 3309 682 3370 vi,
699 3310 766 3360 Pint.
785 3319 811 3359 et
826 3309 880 3360 Ian.
897 3311 964 3360 obss.
982 3311 1036 3359 crit.
1054 3324 1078 3372 p.
1096 3313 1136 3358 22.
1167 3315 1257 3356 matam
1275 3307 1330 3370 aim,

204 3372 425 3440 PTadddpur.
453 3383 542 3424 tuntum
553 3375 608 3436 aim,
620 3377 654 3427 V.
682 3384 818 3440 mutumque
828 3372 925 3438 vimss.
954 3383 1044 3424 tantam
1056 3375 1164 3425 eiaavim
1176 3376 1278 3436 esse‚K.
1296 3416 1328 3425 .-

204 3441 311 3503 suniat,
325 3443 438 3493 Gronov.
465 3442 545 3506 accipi
554 3444 714 3505 ut‚VTPd.
741 3444 868 3508 accipiunt,
881 3441 999 3508 addpp.
1026 3442 1095 3492 aiunt
1105 3450 1138 3504 at,
1150 3442 1183 3492 K.
1210 3442 1331 3506 accipiunt

204 3517 236 3570 ut,
248 3506 276 3571 β.
295 3509 447 3569 deicidium,
459 3519 492 3572 at,
504 3511 583 3561 Hard.
594 3524 620 3574 γ.
633 3551 662 3560 ..
682 3527 733 3562 cum
745 3511 825 3573 amna,
836 3513 870 3561 K.
883 3551 914 3561 ..
934 3509 1053 3571 decubui,
1063 3511 1176 3562 VTPd.
1195 3508 1331 3572 mandunt,

204 3573 252 3638 ιβ.
266 3618 298 3627 ..
316 3576 497 3639 chamaecisson,
509 3579 546 3628 ita
557 3579 635 3629 index
647 3579 704 3629 libri
715 3580 798 3644 primi.
816 3577 998 3639 chamaecisson,
1010 3581 1055 3628 ad.
1072 3576 1235 3639 stammana,
1248 3579 1282 3628 V.
1298 3618 1330 3628 -

204 3643 237 3705 in,
250 3647 295 3695 ad.
313 3660 337 3705 a,
350 3646 384 3695 V.
398 3685 429 3694 ..
448 3644 529 3704 alieni,
537 3645 572 3695 V.
585 3687 616 3694 -
635 3646 755 3708 ambusta,
768 3649 791 3697 d.
809 3644 918 3706 ambusti,
928 3646 982 3696 Va.
996 3687 1027 3695 ..
1045 3643 1138 3705 Milax,
1149 3646 1216 3696 Vad
1228 3642 1331 3709 (optimi

204 3714 279 3762 codd.
297 3713 323 3762 in
340 3713 424 3764 indice
439 3715 496 3764 libri
513 3714 587 3778 primi
604 3721 629 3763 et
646 3729 732 3765 omnes
744 3717 817 3765 codd.
830 3714 938 3766 Salmas.
950 3727 1032 3763 exerc.
1046 3728 1070 3777 p.
1085 3717 1142 3764 788.
1153 3713 1179 3763 b.
1191 3709 1239 3775 D.)
1265 3711 1331 3764 smi-

206 3777 254 3839 lax,
267 3775 317 3843 βγ.
337 3820 367 3829 ..
393 3780 435 3843 qui
444 3779 609 3845 canephoros,
622 3781 729 3833 Salmas.
753 3782 796 3847 qai
806 3779 957 3846 anaphoras,
970 3783 993 3831 d.
1020 3780 1078 3845 quic
1089 3779 1231 3845 inoptam,
1243 3795 1266 3829 a
1289 3779 1333 3843 qui

205 3845 354 3909 athophoroa
366 3842 395 3896 θ.
414 3848 457 3911 qui
466 3847 599 3913 athaporoa
609 3850 643 3900 V.
661 3850 705 3913 qai
715 3857 848 3914 antcpcros,
861 3850 918 3900 ΤΡ.
937 3847 980 3912 qui
990 3856 1013 3897 et
1023 3847 1169 3913 nicophorus,
1182 3849 1257 3899 codd.
1266 3848 1330 3898 Bar·

203 3914 265 3975 bari,
277 3910 333 3977 5973
352 3924 379 3965 at
389 3929 412 3963 v.
424 3917 538 3967 Lobsek.
550 3919 584 3967 ad
594 3918 735 3982 Phrynich.
750 3933 777 3982 p.
791 3921 856 3978 838,
875 3932 951 3980 quem
968 3918 999 3966 de
1015 3917 1133 3967 adiectivi
1149 3916 1304 3967 formatione
1314 3932 1331 3965 a

204 3982 279 4031 nobis
291 3991 394 4045 recepta
403 3984 454 4034 rid.
466 3985 562 4034 ibidem
574 3999 600 4049 p.
613 3989 671 4036 880.
691 4025 722 4035 ..
741 3984 818 4045 babet,
831 3999 882 4033 om.
894 3999 918 4034 a.

238 4067 307 4129 588.
328 4062 452 4128 Coronam,
464 4083 516 4119 om.
529 4085 552 4119 a
566 4109 597 4118 -
615 4067 717 4129 milace,
729 4069 805 4119 Vad.
823 4066 934 4127 anilacrb,
945 4063 996 4133 βγ.
1015 4108 1046 4118 -
1064 4066 1165 4117 clunem
1177 4066 1202 4115 in
1214 4067 1331 4117 mannis

204 4131 242 4182 ala·
251 4141 294 4181 aut
303 4133 419 4198 proxime,
435 4136 503 4186 Pint.
528 4135 647 4187 Ceterum
663 4152 686 4187 v,
698 4137 814 4186 Dioscor.
828 4143 852 4196 4,
867 4142 922 4186 142.
942 4176 973 4185 -
992 4133 1169 4184 immortalitati
1174 4135 1330 4197 ..arborum

206 4215 257 4250 om.
274 4217 296 4251 a
321 4242 352 4251 -
378 4201 524 4266 madentis,
541 4205 573 4255 K.
599 4244 629 4254 -
657 4204 782 4266 arboreas,
802 4194 883 4254 OVd.
909 4203 1057 4264 inturbaret,
1074 4203 1108 4254 K
1141 4203 1249 4263 arbores,
1265 4203 1330 4254 Bar·

204 4263 351 4335 baruaflr.
371 4311 401 4321 ..
419 4271 596 4334 maenuba,
607 4271 641 4322 V.
661 4312 690 4321 ..
718 4285 814 4334 asama,
830 4285 848 4335 r
864 4271 926 4321 vitio
942 4285 1083 4336 operarum.
1102 4310 1133 4319 ..
1160 4268 1330 4334 efficacirrt‘ai,
