2918 4800
402 331 472 380 nra.
488 331 574 380 xxv,
603 330 681 379 osv.
698 332 746 379 rx.
762 330 796 375 n.
825 325 923 376 sacr.
939 327 1021 372 cars.
1213 303 1272 368 141

195 488 246 553 69.
275 484 359 550 Mihi
382 495 414 550 et
435 483 530 549 tertia
552 481 746 568 cyclaminos
769 482 986 547 demonstrata
1006 487 1066 555 est,
1088 472 1276 561 cognomine

151 588 399 660 chamaecissos,
429 607 493 649 uno
515 583 643 649 omnino
664 583 755 660 folio,
785 581 893 646 radice
915 600 1057 656 ramosa,
1084 599 1149 662 qua
1170 576 1275 662 pisces

96 720 101 727 ·
152 689 359 756 necabantur.

195 793 246 857 70.
279 787 347 856 Sed
367 789 450 854 inter
471 786 592 873 primas
620 784 801 852 celebratur
827 783 1061 870 peucedanum,
1089 778 1338 858 laudatissi-117

152 917 240 966 mum
261 893 296 956 in
317 889 470 967 Arcadia,
492 908 567 953 mox
583 884 800 953 Samothrace.
824 883 936 952 Caulis
958 885 988 949 ei
1010 881 1126 960 tenuis,
1148 880 1275 968 longus,

152 993 290 1059 feniculo
320 991 444 1070 similis,
470 990 561 1055 iuxta
587 999 705 1055 terram
725 988 868 1066 foliosus,
896 986 1004 1052 radice
1025 984 1129 1072 nigra,
1158 1003 1277 1058 crassa,

153 1093 246 1182 gravi
274 1092 388 1170 odore,
416 1113 543 1168 sucosa;
579 1089 725 1178 gignitur
749 1089 784 1154 in
812 1088 974 1154 montibus
1001 1085 1125 1172 opacis,
1158 1082 1278 1148 foditur

153 1195 241 1260 exitu
262 1193 417 1259 autumni.
441 1192 574 1258 Placent
595 1192 785 1257 tenerrimae
807 1201 839 1255 et
860 1189 1032 1256 altissimae
1054 1187 1195 1263 radices3
1217 1184 1278 1249 hae

154 1295 366 1361 conciduntur
386 1294 420 1359 in
443 1304 615 1377 quaternos
637 1292 756 1380 digitos
785 1290 887 1357 osseis
917 1289 1052 1356 cultellis
1074 1288 1278 1370 funduntque

156 1417 267 1462 sucum
287 1397 321 1460 in
342 1395 467 1473 umbra,
497 1394 602 1481 capite
629 1394 722 1478 prius
749 1402 780 1458 et
807 1391 940 1458 naribus
961 1412 1092 1456 rosaceo
1114 1387 1279 1475 perunctis

154 1519 195 1561 ne
216 1497 340 1582 vertigo
361 1496 525 1561 sentiatur.
562 1495 608 1561 Et
635 1495 717 1561 alius
747 1517 844 1560 sucus
872 1493 1034 1558 invenitur
1056 1491 1199 1558 caulibus
1220 1489 1278 1554 ad·
1294 1520 1342 1566 ηε

155 1596 291 1662 haerens
312 1597 487 1682 incisisque
509 1607 619 1661 manat
625 1622 634 1675 3
665 1597 821 1683 probatur
842 1594 1054 1661 crassitudine
1075 1592 1199 1672 mellea,
1223 1613 1278 1658 co-

155 1698 221 1764 lore
242 1699 324 1777 rufo,
346 1699 444 1765 odore
467 1699 608 1765 suaviter
630 1699 734 1786 gravi,
756 1699 886 1764 fervens
909 1707 1009 1783 gustu
1016 1720 1025 1773 ;
1048 1695 1100 1761 hic
1120 1695 1154 1761 in
1168 1717 1231 1761 usu
1247 1704 1279 1760 et

155 1799 248 1864 radix
270 1811 303 1865 et
324 1799 491 1866 decoctum
512 1800 582 1866 eius
603 1800 761 1886 plurumis
790 1799 1041 1877 medicamentis,
1069 1820 1146 1863 suco
1172 1808 1280 1861 tamen

158 1900 379 1967 efficacissimo
401 1901 457 1985 qui
479 1901 650 1966 resolvitur
672 1902 788 1966 amaris
810 1900 991 1986 amygdalis
1018 1910 1074 1965 aut
1103 1907 1174 1963 ruta
1194 1897 1279 1964 bibi-

157 2012 272 2086 turque
294 2013 404 2067 contra
426 2003 582 2089 serpentis
604 2013 637 2069 et
659 2026 699 2069 ex
721 2004 793 2069 oleo
814 2011 988 2090 perunctos
1009 2011 1127 2067 tuetur.

199 2101 247 2167 X.
277 2107 326 2168 71.
355 2103 455 2170 Ebuli
477 2125 605 2189 quoque
634 2124 731 2188 quam
753 2126 848 2173 nemo
869 2104 998 2193 ignorat
1018 2103 1106 2170 furno
1127 2103 1281 2189 fugantur
1295 2129 1344 2175 trs

158 2216 331 2291 serpentes.

202 2310 251 2371 72.
274 2305 431 2372 Privatim
453 2306 643 2373 adversatur
666 2307 889 2395 scorpionibus
910 2306 1108 2395 polemoniae
1123 2304 1216 2371 radix
1230 2305 1282 2370 vel

159 2408 329 2495 adalligata
360 2420 494 2488 tantum,
524 2409 600 2474 item
628 2409 801 2497 phalangio
828 2434 866 2477 ac
888 2410 1003 2476 ceteris
1024 2406 1202 2473 minoribns
1224 2429 1281 2471 ve·

159 2510 300 2586 nenatis3
330 2510 550 2594 scorpionibus
573 2512 788 2590 aristolochia,
816 2513 979 2600 agaricum
1006 2511 1108 2577 obolis
1130 2520 1283 2594 quattuor

158 2611 192 2673 in
215 2610 281 2674 vini
303 2610 394 2674 mixti
421 2610 545 2696 cyathis
574 2612 717 2691 totidem,
746 2613 925 2680 verbenaca
952 2623 983 2678 et
1008 2611 1181 2700 phalangio
1208 2632 1282 2676 cum

159 2712 233 2776 vino
254 2722 309 2777 aut
331 2735 439 2798 posca,
462 2714 541 2778 item
563 2714 824 2798 quinquefolium,
847 2715 993 2781 daucum.

213 2813 263 2878 73.
299 2813 502 2879 Verbascum
535 2812 653 2880 Graeci
681 2816 832 2901 phlomon
858 2824 984 2881 vocant.
1029 2812 1159 2880 Genera
1186 2813 1284 2880 habet
1298 2837 1347 2884 rao

160 2914 264 2998 prima
287 2915 367 2980 duo:
398 2916 506 2982 album
528 2917 648 3001 inquo
670 2941 739 2982 mas
761 2917 968 3005 intellegitur,
995 2916 1128 2982 alterum
1154 2917 1283 3005 nigrum

160 3017 193 3080 in
217 3039 281 3101 quo
301 3018 433 3095 femina3
463 3019 593 3084 tertium
621 3042 726 3107 genus
754 3042 819 3085 non
845 3019 908 3084 nisi
934 3019 968 3085 in
996 3019 1085 3085 silvis
1109 3018 1282 3084 invenitur.

161 3223 381 3287 datissima,Rad.
395 3268 425 3276 -
449 3223 570 3285 Caulisei,
583 3226 695 3278 Gronov.
716 3225 798 3276 Oculis
809 3235 838 3287 et,
851 3228 934 3277 VRa.
955 3223 1037 3276 Casta
1048 3223 1201 3290 estdbpp.
1221 3221 1283 3272 Cau·

162 3291 193 3340 lis
204 3300 238 3340 est
250 3292 279 3353 ei,
291 3289 320 3355 β.
342 3291 431 3353 Caulis,
443 3296 495 3345 Td.
515 3336 545 3344 ..
565 3293 655 3358 tenpus,
668 3294 750 3344 Vlla.
769 3302 792 3342 et
802 3293 891 3359 longus,
904 3297 956 3346 Td.
970 3334 1001 3343 ..
1012 3293 1135 3358 foliosum,
1147 3294 1237 3342 Doleo.
1251 3331 1281 3340 ..

160 3360 252 3423 prurio,
265 3362 298 3411 V.
319 3403 349 3411 -
367 3361 481 3426 pipnitur,
495 3363 599 3412 VRad.
617 3361 744 3426 colliqdur,
756 3378 775 3411 r.
795 3403 825 3411 ..
844 3361 914 3424 exito,
928 3362 990 3412 VR.
1010 3403 1040 3411 ..
1063 3359 1176 3420 automni,
1189 3362 1223 3410 V.
1242 3366 1285 3407 aut

162 3429 232 3489 omni,
245 3431 269 3478 d.
288 3470 318 3478 -
340 3428 429 3488 radice,
441 3431 473 3480 R.
485 3471 515 3479 ..
530 3429 595 3491 baec,
608 3430 641 3479 V.
661 3471 692 3479 ..
710 3428 870 3491 oandduntur,
879 3447 902 3480 a.
920 3427 1082 3490 conciduntur,
1093 3429 1177 3480 VRd.
1196 3468 1228 3477 -
1246 3443 1283 3474 cs-

161 3495 215 3552 seis,
227 3513 250 3546 a.
270 3497 375 3562 (stema,
391 3490 528 3548 OVRTd.
553 3539 583 3548 ..
603 3496 768 3562 funduntque3
783 3499 810 3548 in
826 3499 876 3549 hac
890 3513 953 3549 voco
965 3499 1056 3549 desinit
1068 3499 1093 3548 h.
1105 3497 1123 3547 l.
1135 3497 1191 3546 cod.
1204 3511 1227 3556 a,
1243 3495 1285 3544 cui

162 3565 268 3628 antiqua
279 3580 369 3615 manns
382 3567 445 3615 haec
457 3566 600 3629 adscripsit:
623 3564 725 3627 „abhinc
739 3565 903 3630 subsequentia
914 3566 1005 3617 desunt.
1021 3564 1129 3615 uidelicet
1145 3563 1213 3612 unius
1223 3560 1287 3624 solii

161 3632 291 3757 {autentica
307 3631 390 3682 deboc
401 3633 497 3684 XXV.
514 3631 603 3684 libra.''
624 3636 722 3685 Rursus
738 3635 827 3699 incipit
842 3635 869 3685 in
884 3636 967 3686 verbis
984 3632 1079 3698 quidem
1092 3639 1164 3698 parte
1180 3629 1285 3695 earpnis

193 3703 248 3748 141.
268 3740 299 3749 ..
317 3700 390 3764 capit,
403 3702 435 3751 V.

197 3768 211 3828 5
227 3772 283 3818 118.
301 3767 422 3831 inanique,
435 3770 521 3820 VRd.
541 3811 571 3820 -
589 3771 737 3834 probatura,
749 3772 834 3822 VTd.
851 3772 1003 3835 probaturae,
1014 3770 1047 3820 R.
1065 3809 1096 3818 ..
1115 3767 1160 3828 bic,
1172 3767 1284 3819 VBTd.

163 3841 185 3880 et
197 3832 241 3894 bic,
252 3830 303 3899 βγ.
326 3874 351 3884 ..
375 3835 494 3899 plurimis,
506 3832 647 3889 OVRTd.
667 3836 782 3903 pluribus,
799 3835 829 3901 β.
852 3880 883 3889 ..
907 3847 990 3888 cantra
1006 3844 1131 3902 serpentes,
1145 3837 1176 3886 V.
1196 3836 1284 3889 Omitt.

163 3901 215 3951 Rd.
236 3943 266 3952 ..
285 3901 342 3964 cleo,
355 3905 408 3954 Ra.
427 3921 454 3954 eo
466 3903 508 3966 leo,
520 3907 554 3955 V.

197 3971 212 4032 ξ
226 3974 282 4021 119.
301 3987 379 4034 quam,
390 3972 474 4021 VRd.
493 3989 567 4036 quem,
576 3968 627 4038 βγ.
645 3973 706 4024 Non
717 3989 774 4024 raro
786 3983 872 4025 autem
884 3975 951 4024 Plin.
963 3974 1062 4024 nomini
1073 3972 1178 4024 alicuius
1190 3972 1285 4022 herbae

165 4039 264 4096 generis
280 4041 413 4088 masculini
431 4041 470 4089 vel
488 4041 600 4091 neutrius
617 4041 724 4104 apponit
746 4056 886 4104 pronomen
906 4043 1040 4092 relativum
1055 4043 1152 4106 generis
1170 4041 1285 4092 sentinini

164 4119 209 4168 per
220 4107 328 4169 synesius
341 4108 451 4157 nominis
463 4106 548 4170 berba3
566 4123 589 4156 v.
603 4113 644 4168 25,
659 4114 715 4158 124.
731 4113 786 4160 171.
804 4114 845 4170 27,
859 4115 914 4159 111.
928 4111 986 4161 coll.
1000 4109 1054 4160 Ian.
1067 4112 1132 4162 obss.
1146 4111 1199 4160 crit.
1211 4114 1284 4173 p.2³.

165 4212 196 4220 ..
215 4175 388 4237 supputanlt.
413 4216 443 4223 -
471 4173 636 4234 adversantur,
653 4177 676 4224 d.
700 4217 731 4225 ..
756 4174 905 4239 palimaniae,
922 4178 977 4228 Vd.
999 4179 1118 4230 Ceterum
1130 4195 1153 4229 v.
1166 4179 1284 4228 Dioscor.

165 4246 189 4299 4,
202 4247 224 4290 8.
244 4283 274 4291 -
295 4258 332 4300 ac,
344 4243 400 4292 Vd.
419 4258 443 4303 u,
456 4244 487 4293 R.
508 4284 538 4292 ..
557 4241 702 4308 adulliyata‚
715 4237 805 4294 OVR.
824 4243 934 4309 ultiaata,
947 4243 995 4309 ᾱβ.

198 4306 213 4367 i
228 4314 283 4359 120.
300 4308 428 4374 philamon,
440 4312 523 4363 VRd.
542 4311 662 4362 Ceterum
673 4327 696 4360 v.
710 4311 864 4377 Dioscuri,
880 4319 935 4366 loa.
948 4356 979 4365 -
994 4314 1083 4378 tertius,
1096 4318 1120 4367 d.
