2918 4800
373 293 559 339 ursum.
592 293 806 341 camur-v.
836 293 1033 340 suomeseo
1201 276 1263 339 441

143 442 245 508 ciores
266 441 357 521 fiunt,
385 444 473 508 velut
492 445 526 507 in
547 442 719 510 Narniensi
747 467 835 532 agro,
863 444 951 528 quod
972 443 1170 508 admirandis
1199 443 1267 508 suis

144 545 282 610 inseruit
312 543 361 609 Μ.
396 542 529 624 Cicero,
564 545 704 612 siccitate
736 547 840 611 lutum
871 542 941 612 fieri
973 545 1131 631 prodens,
1165 544 1266 610 imbre

143 646 320 732 pulverem.

187 751 238 814 29.
262 746 379 815 Omnis
401 770 485 832 aqua
499 747 603 814 hieme
618 750 740 815 dulcior
755 759 814 826 est,
837 759 957 814 aestate
971 749 1088 828 minus,
1112 760 1267 813 autumno
1282 767 1312 811 52

143 851 284 915 minume
317 850 487 934 minusque
514 873 572 935 per
599 850 775 928 siccitates3
813 871 916 934 neque
949 850 1091 934 aequalis
1125 850 1267 914 amnium

144 953 333 1037 plerumque
354 966 470 1038 gustus
499 961 549 1016 est
576 974 694 1040 magna
715 952 798 1018 alvei
820 952 1001 1016 differentia
1008 976 1016 1027 ;
1046 951 1167 1042 quippe
1190 951 1267 1016 tales

145 1062 218 1119 sunt
239 1075 341 1137 aquae
364 1052 466 1138 qualis
488 1063 572 1118 terra
592 1076 651 1140 per
672 1077 769 1138 quam
783 1053 888 1119 fluunt
902 1055 1076 1138 qualesque
1095 1052 1267 1118 herbarum

145 1175 226 1238 quas
247 1155 357 1218 lavant
379 1154 467 1230 suci3
490 1176 568 1240 ergo
590 1155 685 1220 iidem
709 1177 820 1220 amnes
835 1166 927 1241 parte
942 1155 1050 1238 aliqua
1064 1156 1268 1241 reperiuntur

144 1255 332 1321 insalubres.
369 1253 501 1319 Mutant
524 1279 670 1343 saporem
692 1269 724 1322 et
745 1257 914 1322 influentes
936 1256 1006 1335 rivi,
1030 1266 1065 1321 ut
1088 1255 1266 1342 Borysthe-

143 1363 218 1437 nen,
241 1355 382 1440 victique
404 1356 583 1433 diluuntur3
607 1358 705 1442 aliqui
728 1382 804 1425 vero
826 1370 858 1424 et
880 1359 982 1423 imbre
1001 1368 1175 1423 mutantur.
1203 1356 1269 1422 Ter

144 1457 260 1522 assidit
280 1458 315 1522 in
329 1457 476 1544 Bosporo
497 1468 534 1522 nt
557 1459 632 1524 salsi
655 1460 840 1525 deciderent
861 1471 1077 1544 necarentque
1091 1460 1266 1536 frumenta;

145 1559 262 1624 totiens
284 1570 315 1626 et
335 1559 401 1624 Nili
425 1561 518 1648 rigua
538 1561 666 1647 pluviae
688 1583 797 1626 amara
817 1562 932 1640 fecere,
956 1584 1073 1648 magna
1087 1560 1270 1645 pestilentia

145 1657 301 1746 Aegypti.

187 1761 239 1825 30.
266 1760 452 1828 Nascuntur
473 1763 579 1829 fontes
601 1764 719 1829 decisis
741 1765 927 1849 plerumque
951 1763 1049 1842 silvis,
1074 1784 1153 1848 quos
1175 1762 1267 1827 arbo·
1283 1783 1315 1826 aa

144 1883 217 1927 rum
237 1863 387 1929 alimenta
410 1867 649 1945 consumebant,
673 1865 755 1930 sicut
776 1866 811 1929 in
825 1865 953 1931 Haemo
972 1865 1141 1930 obsidente
1157 1861 1268 1930 Gallos

146 1960 347 2041 Cassandro,
374 1987 448 2030 cum
477 1967 552 2031 valli
579 1966 684 2053 gratia
711 1966 807 2031 silvas
835 1965 1041 2043 cecidissent3
1078 1966 1268 2049 plerumque

144 2088 222 2130 vero
251 2066 396 2130 damnosi
424 2076 582 2132 torrentes
608 2067 814 2134 conrivantur
841 2068 988 2134 detracta
1020 2066 1154 2132 collibus
1188 2066 1269 2131 silva

145 2167 309 2233 continere
339 2167 468 2234 nimbos
499 2191 537 2234 ac
570 2169 716 2254 digerere
749 2178 909 2234 consueta.
956 2168 1003 2233 Et
1035 2169 1096 2234 coli
1131 2168 1269 2233 moveri·

145 2288 208 2351 que
229 2277 346 2333 terram
368 2268 549 2353 callumque
571 2292 712 2335 summae
735 2271 818 2335 cutis
841 2270 922 2335 solvi
943 2292 1098 2353 aquarum
1120 2270 1267 2344 interest3

145 2366 294 2452 proditur
321 2381 407 2435 certe
433 2371 468 2434 in
496 2369 593 2435 Creta
622 2382 806 2458 expugnato
834 2371 955 2457 oppido
981 2371 1068 2454 quod
1096 2370 1269 2435 vocabatur

145 2467 287 2533 Arcadia
310 2493 451 2537 cessasse
474 2472 574 2538 fontis
589 2473 756 2556 amnisque
777 2474 832 2558 qui
854 2472 888 2537 in
910 2494 949 2537 eo
972 2472 1035 2537 situ
1051 2471 1144 2536 multi
1166 2482 1266 2548 erant,

144 2591 256 2634 rursus
278 2571 406 2637 condito
428 2582 502 2657 post
524 2596 581 2639 sex
602 2597 702 2639 annos
724 2576 903 2653 emersisse,
925 2583 963 2638 ut
980 2595 1127 2658 quasque
1142 2571 1268 2658 coepis-

147 2679 219 2736 sent
238 2682 346 2758 partes
369 2673 439 2738 ooli.

188 2770 232 2837 V.
260 2772 380 2839 Terrae
414 2795 542 2860 quoque
570 2788 676 2843 motus
703 2777 901 2864 profundunt
929 2777 1123 2862 sorbentque
1158 2796 1267 2859 aquas,
1283 2792 1314 2836 ss

147 2872 231 2939 sicut
251 2874 336 2941 circa
355 2874 524 2942 Pheneum
544 2878 706 2945 Arcadiae
733 2880 925 2965 quinquiens
947 2879 1105 2946 accidisse
1127 2885 1267 2954 constat3

146 2976 193 3041 sie
214 2976 299 3040 etin
322 2972 450 3062 Coryco
470 2990 579 3044 monta
604 2982 707 3045 amnis
735 2983 840 3067 erupit
865 2993 1041 3067 posteaque
1063 2989 1197 3064 coeptus
1219 2988 1269 3042 est

146 3077 216 3141 coli.
238 3076 298 3142 Illa
319 3078 454 3144 mutatio
476 3079 556 3143 mira
577 3079 633 3144 ubi
655 3101 753 3145 causa
766 3080 854 3144 nulla
869 3083 1000 3148 evidens
1015 3081 1163 3167 adparet,
1184 3078 1269 3144 sicut

180 3252 248 3314 551.
265 3251 337 3310 circa‚
350 3254 432 3302 omitt.
444 3253 577 3303 VRTdr.
597 3293 628 3302 -
646 3253 713 3301 canis
730 3260 813 3313 ortum,
826 3254 911 3303 VRd.
929 3252 995 3301 canis
1007 3260 1067 3311 ortu,
1079 3254 1128 3302 Tr.
1148 3294 1179 3302 -
1198 3251 1267 3302 sicio-

146 3332 191 3377 ree,
203 3319 237 3368 V.
256 3359 287 3368 ..
305 3318 447 3381 Narniensi,
460 3322 515 3371 VR
524 3322 556 3369 ²d
567 3317 654 3383 (codd.
667 3321 794 3384 Barbari).
812 3319 936 3381 Arniensi,
948 3320 992 3369 lu.
1006 3361 1037 3369 -
1055 3317 1206 3368 admirandis
1218 3319 1267 3368 auis

145 3385 245 3434 inseruit
255 3385 302 3445 M,
313 3403 363 3437 om.
376 3388 409 3438 V.
429 3429 462 3438 ..
480 3387 574 3449 luctum,
586 3390 618 3439 R.

180 3455 194 3517 5
208 3459 247 3503 52.
266 3451 409 3517 dulciorem,
422 3457 476 3506 Vd.
495 3455 593 3516 dulcior,
605 3451 683 3519 Ββγ.
704 3497 734 3505 ..
753 3455 837 3516 minue,
849 3457 879 3505 R.
898 3455 973 3503 minus
985 3462 1069 3513 autem,
1083 3456 1115 3504 V.
1135 3462 1211 3502 autem
1224 3453 1267 3503 mi-

145 3536 196 3580 nus,
209 3517 280 3584 dflr.
300 3562 331 3571 -
350 3531 462 3572 autumno
474 3523 576 3583 minime,
589 3539 639 3572 orn.
652 3539 672 3572 r.
698 3564 728 3572 -
751 3523 879 3586 minusque,
897 3523 951 3572 Vd.
969 3521 1076 3586 piisque,
1092 3523 1117 3572 R
1132 3521 1178 3584 (ox
1190 3520 1266 3583 corr.)

147 3629 178 3638 -
196 3587 309 3649 ciuitates,
321 3590 354 3639 V.
374 3631 405 3640 -
421 3590 567 3654 plerumque,
580 3592 613 3641 V.
633 3631 665 3640 -
683 3589 752 3651 albei,
765 3592 797 3640 V.
812 3631 841 3640 -
855 3589 989 3654 qualesque,
1001 3589 1055 3639 Rd.
1074 3587 1190 3651 qualesve,
1203 3590 1265 3640 VT.

147 3695 178 3705 ..
196 3654 255 3716 alia,
268 3673 287 3705 r.
307 3697 338 3706 ..
356 3657 506 3717 Boristenem
518 3659 580 3708 VR.
598 3656 776 3723 Borysthenen,
789 3661 805 3708 d
810 3654 832 3720 β
837 3672 862 3719 r.
882 3698 911 3706 -
932 3655 1044 3717 diiuntur,
1056 3657 1089 3706 V.
1102 3697 1132 3705 -
1146 3654 1266 3715 imbribus,

145 3724 178 3837 {h
198 3763 229 3773 ..
252 3722 305 3785 Ter,
322 3725 384 3775 VR.
410 3725 467 3786 Ger,
484 3727 562 3775 ὼ-
585 3723 643 3776 Nili
657 3724 741 3789 ripua3
758 3741 804 3790 pro
822 3726 862 3775 his
880 3740 919 3774 vv.
936 3724 1031 3774 habent
1047 3722 1139 3789 uilipua
1150 3724 1212 3784 VR,
1231 3723 1266 3772 in-

156 3789 221 3854 iqua,
235 3793 258 3840 d.

179 3859 247 3921 §⁵³-
266 3857 392 3920 alumenu,
404 3859 438 3908 V.
459 3899 488 3908 ..
507 3858 601 3922 Hieme,
613 3861 647 3909 V.
666 3860 785 3911 Ceterum
803 3862 867 3910 haec
883 3860 991 3925 sumpsit
1006 3859 1103 3908 Plinius
1119 3874 1151 3909 ex
1169 3858 1267 3909 Seneca

144 3933 197 3975 nat.
210 3933 306 3988 quaest.
319 3933 342 3987 3,
357 3932 405 3985 11.,
423 3927 467 3991 qni
479 3928 545 3977 idem
558 3927 737 3992 Theophrasto
749 3937 852 3978 auctore
864 3929 951 3979 utitur.
967 3968 995 3977 ..
1009 3926 1169 3991 corripientur,
1180 3926 1265 3978 VRd.

146 4032 176 4041 ..
196 4001 222 4040 ut
233 4009 348 4056 quaeque,
360 3994 422 4044 VR.
441 3994 477 4042 uti
487 4010 600 4057 quaeque,
613 3991 656 4056 ἀβ
662 4010 687 4059 γ.

180 4057 248 4119 554.
263 4060 368 4125 senium,
385 4063 430 4111 R'.
445 4061 542 4124 finium,
559 4063 593 4112 V.
614 4078 710 4126 praese,
728 4065 775 4113 R2.
798 4062 947 4125 apenninum,
965 4064 989 4112 d.
1014 4103 1044 4112 ..
1067 4061 1198 4122 Arcadiae,
1211 4062 1265 4112 Rd.

84 4147 86 4151 ¹
145 4141 223 4188 aquae
234 4143 315 4176 aream
328 4126 418 4189 cmv.
439 4170 467 4178 -
487 4129 600 4191 niceten,
613 4131 698 4181 VRd.
716 4129 885 4187 amantium.
901 4170 929 4178 ..
951 4127 1060 4193 Corryco,
1072 4130 1104 4179 V.
1125 4171 1155 4179 ..
1172 4137 1266 4194 postea·

144 4209 197 4309 dhe,
206 4188 350 4313 gVR'l'd.
365 4204 528 4260 posteaquam,
539 4193 568 4258 β.
589 4240 617 4247 -
641 4198 703 4247 mira
720 4197 767 4259 ubi,
785 4199 859 4248 codd.
872 4196 927 4249 Gel.
946 4195 1075 4257 miraculis,
1087 4199 1140 4248 Rd.
1164 4198 1265 4247 miracu·
