2918 4800
436 301 506 347 sm.
522 301 624 347 ιιιιιιι.
655 298 732 345 car.
749 302 771 345 1.
801 299 898 346 seor.
913 301 937 343 rr
950 300 995 342 :rc
1237 285 1276 347 15

153 452 291 518 defectis
305 451 470 539 gravibus,
492 474 550 516 nec
563 473 700 535 quorum
719 450 955 517 conniventium
970 449 1179 535 perlucebunt
1193 451 1277 516 oculi

152 552 358 641 palpebrisve
386 576 450 618 non
477 551 683 629 coeuntibus,
712 552 765 617 vel
790 552 817 616 si
845 551 1076 616 dormientibus
1103 551 1165 617 hoc
1192 552 1276 617 idem

154 654 264 722 evenit
285 667 341 720 eut
363 655 390 720 si
412 677 524 720 cruore
549 653 788 720 subiunduntnr
802 652 887 718 oculi
903 653 954 718 vel
969 653 996 717 si
1011 654 1113 719 lemae
1128 654 1161 718 in
1177 652 1278 719 ocubs

154 764 265 832 erunt}
292 757 432 821 minume
453 755 566 844 lingua
586 755 725 841 fungosa
746 777 807 820 nec
828 754 920 840 gravi
946 764 978 818 et
1005 753 1141 819 subinde
1168 755 1278 841 inper-
1338 786 1344 795 ·

154 859 240 925 fecta
259 857 474 942 loquentibus,
497 879 556 922 nec
577 855 605 921 si
619 856 714 920 urina
728 856 859 922 difficile
875 855 1035 931 reddetur,
1058 877 1163 939 neque
1178 878 1278 941 expa-

154 958 360 1025 vescentibus
381 970 514 1045 repente
534 981 595 1023 neo
617 957 767 1043 spasticis
789 968 845 1023 aut
863 979 975 1022 rursus
991 956 1200 1042 torpentibus,
1220 980 1279 1022 nec

156 1061 184 1125 si
205 1082 265 1146 per
287 1083 414 1125 somnos
436 1061 585 1147 genitura
607 1060 796 1125 effundetur.

198 1163 250 1226 25.
273 1159 504 1228 Cardiaeorum
525 1161 637 1227 morbo
659 1161 788 1226 unicam
811 1183 902 1247 spem
922 1158 957 1224 in
978 1159 1052 1224 vino
1071 1181 1142 1224 esse
1158 1169 1277 1224 certum
1293 1176 1325 1220 so

156 1272 222 1339 est,
252 1264 309 1328 sed
335 1264 368 1328 id
391 1264 531 1328 dandum
552 1263 683 1347 quidam
704 1284 769 1327 non
790 1262 854 1328 nisi
876 1263 909 1326 in
932 1261 1113 1328 accessione
1136 1273 1278 1338 censent,

156 1363 210 1427 alii
236 1387 301 1430 non
326 1365 390 1431 nisi
417 1366 451 1429 in
472 1364 674 1442 remissione,
705 1363 762 1441 illi,
790 1376 827 1428 ut
850 1364 1000 1429 sudorem
1022 1374 1205 1437 coerceant,
1236 1362 1279 1439 hi,

157 1465 234 1548 quia
255 1466 353 1531 tutius
374 1476 487 1552 putant
515 1465 680 1530 minuente
702 1488 736 1530 se
758 1464 886 1543 morbo,
918 1487 1013 1550 quam
1035 1464 1177 1550 plurium
1206 1485 1280 1528 sen-

158 1567 293 1632 tentiam
314 1590 385 1632 esse
405 1568 509 1633 video.
531 1567 614 1633 Dari
636 1568 747 1652 utique
768 1590 832 1631 non
854 1567 919 1631 nisi
940 1567 973 1630 in
995 1566 1068 1631 cibo
1091 1565 1198 1643 debet,
1221 1586 1281 1631 nec

157 1690 177 1733 a
199 1689 309 1734 somno
330 1691 390 1735 nec
411 1670 621 1756 praecedente
650 1669 713 1734 alio
740 1679 836 1754 potu,
864 1667 925 1733 boc
947 1678 996 1732 est
1016 1668 1126 1751 utique
1149 1666 1280 1742 sitienti,

158 1792 219 1834 nec
240 1770 303 1834 nisi
323 1770 357 1834 in
379 1770 603 1856 desperatione
625 1793 791 1857 suprema3
820 1780 850 1834 et
877 1769 946 1835 viro
967 1769 1094 1834 facilius
1115 1792 1210 1853 quam
1232 1769 1280 1833 fe·
1295 1787 1324 1830 ιι

157 1871 278 1948 minae,
308 1872 378 1937 seni
400 1894 494 1956 qnam
516 1872 641 1949 iuveni,
668 1870 778 1937 iuveni
800 1892 896 1954 quam
919 1893 1035 1956 puero,
1058 1870 1162 1935 hieme
1184 1891 1282 1954 quam

159 1984 290 2051 aestate,
314 1973 455 2039 adsuetis
476 1974 585 2059 potius
606 1995 702 2056 quam
725 1971 922 2058 expertibus.
959 1970 1081 2036 Modus
1102 1971 1200 2035 dandi
1222 1992 1281 2055 pro

157 2074 359 2139 vehementia
374 2075 450 2151 vini,
466 2074 543 2138 item
557 2074 698 2138 mixtura
712 2095 831 2156 aquae3
851 2072 947 2159 volgo
963 2071 1040 2137 satis
1055 2081 1168 2156 putant
1181 2094 1281 2136 unum

157 2175 225 2240 vini
252 2173 404 2258 cyathum
430 2173 556 2239 duobus
588 2196 690 2257 aquae
718 2173 845 2238 misceri
852 2197 861 2249 ;
897 2173 924 2237 si
952 2171 1118 2237 dissolutio
1146 2171 1188 2237 sit
1216 2183 1281 2237 sto·

158 2276 273 2354 machi,
296 2276 417 2361 largius
439 2275 592 2352 dandum,
614 2285 645 2341 et
668 2275 695 2340 si
717 2273 808 2340 cibus
829 2297 894 2338 non
916 2274 1101 2340 descendat.

201 2380 253 2443 26.
280 2377 370 2443 Inter
392 2377 457 2443 vini
480 2400 600 2465 genera
622 2400 703 2462 quae
723 2377 803 2464 fingi
826 2376 1009 2455 docuimus,
1037 2398 1096 2441 nec
1121 2375 1190 2441 fieri
1218 2377 1282 2442 iam
1296 2394 1328 2438 se

160 2480 307 2558 arbitror,
330 2491 362 2544 et
384 2503 619 2567 supervacuum
641 2490 691 2545 est
712 2501 821 2545 eorum
843 2502 938 2544 usum
960 2480 1085 2557 docere,
1108 2503 1181 2544 cum
1202 2479 1282 2566 ipsis

159 2581 256 2648 rebus
285 2605 326 2647 ex
353 2582 469 2667 quibus
494 2582 662 2669 finguntur
688 2581 858 2647 doceamus
879 2581 938 2646 uti.
971 2580 1018 2646 Et
1045 2581 1124 2647 alias
1152 2581 1283 2647 modurn

188 2775 203 2836 5
216 2776 256 2822 50.
272 2789 336 2837 spem
349 2771 410 2822 iane
421 2772 483 2836 uino,
493 2767 573 2824 ovd.
593 2774 658 2825 Cum
670 2775 735 2824 haec
747 2774 870 2838 scripture
881 2774 925 2824 vix
937 2774 1006 2823 casui
1018 2772 1093 2823 elicui
1106 2773 1180 2822 tribui
1192 2772 1282 2836 possit,

161 2841 288 2904 scripsisse
299 2841 411 2890 Plinium
423 2842 541 2892 existimo
553 2857 616 2904 spem
629 2839 691 2889 lanc
702 2857 751 2890 ease
763 2850 848 2891 certum
862 2848 903 2902 est,
920 2842 956 2890 ita
972 2849 1000 2891 nt
1015 2842 1100 2891 statim
1117 2840 1183 2890 infru
1198 2838 1243 2888 sed
1253 2840 1283 2889 iis

161 2905 266 2955 dandum
284 2911 415 2958 scribetur.
438 2951 469 2959 -
498 2907 603 2972 quidem,
627 2925 678 2958 om.
696 2911 729 2959 V.
757 2951 789 2961 ..,
811 2916 906 2971 cessent,
923 2910 957 2959 V.
982 2948 1014 2958 -
1036 2908 1082 2957 ulii
1103 2908 1127 2956 in
1148 2908 1283 2956 remissione

162 2977 261 3026 omissis
274 2976 385 3039 nonnisi,
400 2973 481 3028 OVd.
501 3016 532 3026 -
552 2975 695 3037 coherceant,
708 2979 741 3028 V.
755 3019 786 3026 -
806 2978 881 3038 totius,
894 2978 928 3028 V.
948 3017 979 3026 -
995 2975 1131 3040 plurimum,
1144 2978 1177 3026 V.
1191 3017 1223 3025 ..
1241 2991 1283 3024 nec

161 3059 178 3091 u
189 3060 275 3106 somno,
288 3044 344 3094 Vd.
362 3061 379 3093 α
389 3061 477 3103 somno,
489 3059 507 3108 γ
518 3045 579 3093 vitio
592 3060 734 3108 operarum.
754 3086 784 3095 ..
807 3045 904 3107 umenti,
916 3047 950 3096 V.
967 3044 1067 3107 sitiente,
1079 3047 1104 3095 d.
1126 3044 1173 3093 nabi
1186 3043 1282 3105 sitienti,

161 3112 250 3162 Dalec.
269 3153 300 3162 ..
318 3129 417 3173 mmma,
429 3114 461 3163 Κ.

196 3177 210 3240 §
224 3184 265 3229 ol.
283 3179 368 3242 iuveni,
381 3197 431 3231 om.
444 3184 468 3231 d.
483 3222 514 3229 -
525 3180 613 3243 potius,
626 3180 682 3229 Vd.
697 3187 764 3243 pom,
777 3181 808 3230 Τ.
819 3221 850 3229 -
860 3179 1025 3244 inerpertr‘bus,
1038 3182 1062 3229 d
1073 3221 1104 3229 -
1114 3179 1235 3238 misturae,
1248 3178 1282 3226 K.

162 3287 194 3296 ..
213 3263 305 3310 uquam
322 3247 398 3313 vulpe,
410 3250 471 3300 ΤΚ.
490 3265 507 3296 a
525 3264 586 3311 quae
602 3245 679 3311 culpo,
690 3249 717 3297 V
733 3245 798 3309 (una
808 3249 893 3297 litters
903 3256 964 3311 post
975 3264 992 3295 a
1004 3245 1096 3306 erasa).
1115 3245 1193 3309 Atque
1205 3244 1282 3307 culpo,

161 3309 231 3379 ᾶβγ.
251 3356 282 3364 -
301 3315 359 3377 uini,
372 3318 452 3366 omitt.
465 3318 548 3367 VTd.
567 3354 599 3364 ..
619 3314 717 3378 turpius,
730 3316 762 3364 K.
777 3315 865 3365 Omin.
878 3309 983 3378 Vdssr.
1002 3354 1034 3362 -
1056 3322 1085 3373 et,
1099 3315 1181 3362 omitt.
1198 3305 1282 3362 OVd.

195 3401 269 3463 §52¹
281 3397 355 3459 Inter,
368 3401 392 3448 d.
410 3386 458 3447 mii
461 3437 467 3458 ,
479 3401 512 3450 V.
532 3439 563 3449 ..
587 3396 706 3447 docuimus
721 3404 760 3457 14,
774 3402 900 3447 98-113.
919 3439 950 3446 -
976 3397 1090 3460 necfieri
1105 3397 1152 3445 ium
1170 3397 1282 3447 arbitror.

161 3468 258 3518 Totum
274 3467 343 3516 hune
359 3467 445 3515 locum
462 3468 505 3529 qni
522 3465 663 3530 perlegerit,
683 3473 783 3514 sumet
804 3466 928 3516 sententia
943 3474 969 3517 et
984 3467 1172 3516 constructione
1184 3481 1284 3515 cassum

162 3549 217 3585 esse
228 3535 341 3584 inveniet
352 3549 453 3584 necesse
464 3544 509 3584 est
522 3535 608 3584 Verba
620 3534 687 3583 enim
700 3533 726 3583 in
738 3533 858 3583 lemmate
870 3535 1001 3599 preposite
1012 3536 1045 3584 ad
1057 3535 1186 3598 superiora
1197 3533 1283 3583 referri

162 3611 299 3665 nequeunt,
313 3618 371 3652 cum
379 3601 446 3653 Plin.
458 3607 497 3662 lt,
504 3607 535 3652 98
546 3618 616 3666 seqq.
628 3601 769 3652 maximum
781 3601 895 3652 vinorum
907 3604 1057 3653 ficticiorum
1069 3616 1201 3651 numemm
1213 3617 1283 3652 conr-

161 3671 340 3720 memoruverit
350 3678 376 3720 et
387 3671 492 3733 proinde
503 3671 558 3733 ipsa
569 3670 632 3720 hoec
643 3669 720 3720 verba
730 3671 887 3734 ineptissime
898 3672 1035 3731 addentem
1053 3685 1129 3733 porro
1140 3670 1281 3720 subiectum

162 3739 241 3788 totius
258 3737 438 3788 enuntiationis
454 3736 547 3787 frustra
563 3739 697 3801 quaeritur.
720 3737 775 3788 Iam
788 3753 848 3787 vero
861 3753 918 3788 cunr
933 3744 973 3798 14,
986 3744 1041 3788 lll.
1055 3738 1158 3787 dixerit:
1170 3746 1283 3789 vocarunt

163 3813 185 3852 et
196 3805 315 3869 scyzinum
328 3812 349 3853 et
361 3803 492 3853 itaeomelin
508 3812 530 3852 et
546 3803 730 3869 lectiaplmpiten,
746 3821 844 3867 quorum
862 3805 910 3854 iem
928 3805 1065 3854 oblitterato
1079 3804 1142 3853 ratio
1158 3812 1200 3866 est,
1217 3806 1282 3856 nihil

164 3874 255 3922 certius
272 3873 378 3933 ridetur,
397 3888 473 3936 quam
489 3881 548 3922 ente
560 3874 605 3922 illa
616 3874 693 3922 verba
704 3874 831 3923 lemmatis
843 3875 966 3924 excidisse
977 3879 1032 3920 sunt
1047 3889 1116 3936 quae,
1132 3875 1168 3924 itu
1184 3883 1212 3925 nt
1227 3884 1282 3925 tum

163 3947 274 3989 nec-et
285 3940 384 4002 egregie
396 3942 443 3991 sibi
455 3942 633 4004 respondeant,
645 3942 704 3990 coll.
721 3945 759 4001 1⁰,
772 3947 827 3991 1³⁴.
853 3941 895 3990 De
912 3941 1060 4006 pronomine
1077 3951 1161 3992 autern
1177 3946 1282 3993 demon·

166 4009 268 4059 stretivo
280 4007 416 4057 substituto
427 4024 475 4072 pro
487 4009 568 4059 altero
580 4008 685 4058 relativo
695 4023 719 4057 v.
728 4007 842 4069 Madvig.
853 4024 954 4072 opuscc.
963 4012 1034 4059 acad.
1043 4009 1078 4059 11.
1087 4026 1111 4074 p.
1124 4014 1179 4061 178.
1190 4013 1221 4060 ed
1229 4009 1282 4060 Cic.

166 4077 197 4124 dc
209 4077 269 4125 finn.
287 4075 308 4125 1.
325 4081 364 4136 12,
378 4081 419 4125 42.
435 4092 459 4140 p.
476 4083 515 4127 88.
535 4116 566 4125 ..
588 4090 757 4138 supervacuum
774 4082 814 4133 est,
832 4077 868 4125 ita
883 4091 931 4126 nos
948 4077 1092 4141 scripsimus
1108 4079 1167 4128 coll.
1186 4080 1208 4139 7,
1226 4084 1282 4127 1⁴0.

167 4145 207 4203 27,
220 4147 259 4194 57.
269 4149 309 4204 28,
320 4149 361 4192 30.
373 4153 517 4206 supervum,
529 4144 554 4193 V
566 4139 625 4204 (sub
637 4143 715 4192 tribus
727 4141 823 4192 ultimis
839 4143 929 4193 litteris
946 4145 1041 4208 aliquid
1059 4143 1179 4207 erasum).
1202 4160 1282 4208 super·

168 4209 224 4272 bire,
237 4212 262 4260 d.
273 4225 480 4274 supervacaneum,
492 4205 522 4271 β.
539 4224 716 4274 superuacuum,
729 4222 754 4272 r.
768 4249 798 4258 ..
809 4208 922 4274 fiopitur,
934 4212 989 4264 Vd.
1004 4253 1034 4262 ..
1047 4211 1137 4274 docere,
1148 4214 1181 4263 Κ.
1194 4213 1284 4264 Omitt.

166 4273 267 4342 Vdflr.
286 4318 317 4329 ..
336 4274 466 4339 dmeomus,
477 4279 535 4328 Vd.
550 4277 674 4343 possim
686 4278 719 4328 Κ.
