2918 4800
211 280 250 344 18
557 293 763 376 assensus
785 272 982 340 marosmu

209 469 325 526 carere,
354 442 527 511 dummodo
549 457 580 511 et
601 446 710 511 dolore
732 445 786 510 illo
808 456 944 523 careret,
973 445 1130 510 demersis
1151 445 1184 508 in
1207 455 1331 511 acetum

208 550 347 614 calidum
368 547 515 613 cruribus
536 547 570 610 in
592 546 748 612 acerrimo
770 546 884 632 inpetu
905 546 1008 612 morbi
1032 595 1146 612 ......

250 649 295 714 Π.
319 650 370 715 28.
407 646 549 714 Acetum
587 648 747 713 scillinum
786 649 998 713 inveteratum
1029 649 1134 736 magis
1166 649 1331 734 probatur.
1347 667 1377 712 ss

207 751 344 817 Prodest
365 773 463 836 super
484 773 523 816 ea
542 772 624 833 quae
638 750 780 814 diximus
795 750 1017 816 acescentibus
1032 751 1332 837 cibis-gustatum

208 852 293 919 enim
316 852 449 917 discutit
470 874 609 939 poenam
631 874 719 929 eam,
742 907 782 916 ..
806 863 836 917 et
857 852 907 917 his
928 854 984 937 qui
1005 853 1106 918 ieiuni
1127 866 1268 931 vomant,
1290 909 1332 919 ...

207 954 323 1020 callum
345 954 430 1020 euim
452 954 596 1019 faucium
617 953 694 1019 facit
715 976 753 1018 ac
774 954 928 1020 stomachi
934 979 943 1031 3
960 1009 1001 1019 ..
1016 955 1147 1020 odorem
1161 955 1225 1020 oris
1240 955 1332 1032 tollit,

206 1055 357 1142 gingivas
379 1055 562 1143 adstringit,
586 1055 691 1120 dentis
705 1054 821 1135 firmat,
843 1057 982 1121 colorem
995 1055 1159 1121 meliorem
1172 1067 1331 1142 praestat3

206 1158 392 1224 tarditatem
419 1179 548 1241 quoque
575 1158 698 1222 aurium
725 1157 983 1245 gargarizatione
1010 1168 1130 1246 purgat
1158 1169 1190 1223 et
1216 1158 1332 1223 transi-

207 1271 275 1324 tum
297 1259 426 1324 auditus
448 1259 562 1345 aperit,
592 1259 755 1325 oculorum
777 1259 878 1324 aciem
899 1259 1002 1324 obiter
1023 1259 1162 1336 exacuit,
1190 1259 1333 1322 comitia·

206 1360 301 1439 libus,
336 1360 585 1439 melancholicis,
618 1360 787 1446 vertigini,
820 1362 987 1426 volvarum
1015 1360 1332 1447 strangulationibus,
1415 1390 1418 1395 ⁴

207 1463 371 1548 percussis
398 1474 454 1527 aut
481 1462 699 1550 praecipitatis
727 1473 759 1528 et
793 1462 834 1527 ob
869 1462 903 1526 id
938 1463 1095 1548 sanguine
1129 1461 1332 1548 conglobato,

208 1563 316 1629 nervis
336 1564 481 1644 infirmis,
504 1565 628 1647 renium
649 1564 737 1630 vitiis
758 1586 914 1650 perquam
935 1565 1025 1643 utile,
1048 1564 1226 1630 cavendum
1241 1563 1333 1628 exul·

211 1666 337 1731 ceratis.

254 1767 305 1832 29.
329 1766 483 1852 Oxymeli
505 1768 639 1852 antiqui,
668 1779 705 1831 ut
726 1767 889 1833 Dieuches
911 1768 1024 1846 tradit,
1051 1767 1113 1832 hoc
1133 1766 1229 1832 modo
1252 1777 1332 1829 tem·
1347 1782 1380 1827 so

210 1866 381 1952 perabaut:
404 1870 507 1935 mellis
528 1870 631 1934 minas
653 1870 776 1947 decem,
793 1869 875 1934 aceti
890 1871 1008 1935 veteris
1022 1868 1168 1934 heminas
1181 1869 1335 1952 quinque,

211 1969 288 2035 salis
309 1971 422 2036 marini
442 1972 550 2058 pondo
571 1972 686 2036 libram
707 1972 928 2055 quadrantem,
951 1993 1054 2056 aquae
1075 1969 1205 2057 pluviae
1226 1980 1335 2035 sexta-

210 2071 275 2136 rios
297 2073 439 2157 quiuque
461 2072 578 2160 pariter
600 2071 778 2157 coquebant
798 2073 927 2138 deciens
949 2073 1192 2138 defervescente
1212 2070 1336 2136 cortina

211 2183 305 2258 atque
339 2175 385 2238 ita
420 2174 646 2240 diffundebant
676 2173 969 2260 inveterabantque.
1006 2170 1146 2239 Sustulit
1173 2183 1275 2238 totum
1300 2172 1334 2235 id
1347 2187 1377 2232 er

245 2379 321 2428 morta¹
335 2379 421 2442 evasit,
441 2380 509 2430 Pint.
530 2394 563 2431 ex
583 2383 639 2430 edd.
655 2388 715 2430 vett
742 2383 777 2431 Et
797 2382 847 2431 hoc
869 2382 972 2444 quidem
997 2380 1057 2430 Itali
1077 2380 1128 2440 illi,
1155 2379 1245 2442 quibus
1261 2375 1337 2426 evasit

212 2447 324 2508 debetur,
340 2449 405 2496 bene
421 2449 545 2508 viderunt,
563 2454 646 2498 totum
661 2449 756 2509 locum,
773 2449 811 2497 uti
827 2447 906 2508 vulgo
922 2449 1022 2511 legitur,
1040 2449 1107 2497 iusta
1118 2461 1241 2509 compage
1253 2461 1336 2508 gram

212 2515 307 2564 metica
327 2516 440 2577 destitui,
463 2529 522 2565 cum
538 2517 575 2566 ita
595 2517 628 2566 sit
648 2516 764 2566 ePlinio
782 2514 970 2576 conformatus,
993 2524 1022 2564 ut
1041 2515 1149 2579 protasis
1170 2513 1335 2577 comprehen-

214 2583 257 2631 det
276 2584 354 2632 verba
373 2580 488 2647 siquidem
505 2583 544 2633 M.
561 2582 675 2649 Aqrippo
685 2583 819 2647 „perpeti
837 2583 953 2647 nequiret,
977 2583 1097 2646 spodosis
1117 2590 1201 2633 autem
1220 2597 1236 2630 s
1252 2582 1335 2631 verbis

212 2649 281 2697 unias
296 2647 436 2699 medicorum
450 2659 590 2715 portentosa
606 2650 706 2700 scientia
720 2652 831 2714 incipiat,
848 2666 913 2715 quse
928 2652 984 2714 ipss
1000 2651 1076 2700 verbs
1087 2651 1227 2700 subiectum
1238 2651 1335 2713 epodo-

213 2732 271 2767 seos
282 2716 385 2769 faciunt
408 2718 465 2768 Iam
475 2734 535 2768 vero
547 2721 659 2769 secunda
669 2721 812 2783 spodoseos
828 2734 894 2782 pars,
911 2715 1152 2780 demersa-impem
1163 2716 1245 2776 morti,
1257 2718 1335 2767 verbo

214 2801 260 2834 suo
272 2787 343 2835 finito
355 2796 424 2836 caret
435 2802 515 2850 esque
528 2789 559 2836 de
570 2803 647 2838 causa
657 2788 730 2837 locus
745 2787 781 2836 ita
797 2787 957 2849 refingeudns
972 2785 1083 2835 videtur:
1099 2783 1284 2834 scimea-asa
1293 2801 1336 2848 pe-

214 2850 268 2900 dum
281 2868 473 2917 eumaeumque
485 2855 549 2903 omni
564 2871 654 2916 carere,
671 2851 829 2903 dummodo-
839 2861 937 2913 carmet,
953 2860 984 2902 et
998 2851 1110 2901 demersis
1121 2852 1146 2900 r‘a
1157 2855 1335 2903 acetum-im·

211 2927 268 2982 peta
279 2919 355 2969 morbi
371 2924 479 2972 statim
495 2937 563 2972 eum
578 2923 734 2972 liberavit
749 2923 865 2982 morbo,
881 2922 925 2971 ubi
938 2921 1037 2969 somatis
1048 2929 1086 2970 est
1097 2921 1276 2970 nominativus.
1289 2919 1335 2970 sin

213 3003 276 3038 vero
289 2996 427 3052 portentoso
442 2988 541 3038 scientia
558 2991 682 3040 ablativos
699 3005 753 3039 esse
770 2990 916 3048 statuimus,
938 2997 967 3039 ut
988 2989 1021 3039 sit
1038 2989 1134 3039 dictum
1149 3005 1195 3052 pro
1210 2985 1336 3037 secuudum

213 3062 371 3117 portentosam
383 3056 503 3106 scientiam
516 3055 551 3120 (v.
562 3061 595 3108 ad
605 3064 644 3118 19,
656 3055 717 3118 te),
729 3065 784 3107 tum
796 3059 868 3107 locus
880 3057 916 3106 ita
926 3058 1099 3120 refingeudusr
1114 3056 1184 3105 unius
1195 3054 1336 3105 medicorum

212 3130 349 3186 portentosa
368 3123 576 3175 adeatis-tenti
594 3124 692 3189 putavit
706 3122 848 3189 (Agrippa)
865 3140 908 3172 ssu
921 3121 1007 3187 pedum
1029 3140 1143 3187 amesque
1164 3125 1228 3173 omni
1245 3138 1335 3184 carere,

215 3188 484 3255 dummodo-eomer,
506 3202 537 3243 et
553 3191 665 3241 demeris
681 3191 707 3240 r'rr
719 3191 939 3254 acetum-impetu
953 3191 1031 3240 morbi
1054 3193 1162 3242 statim
1179 3193 1335 3242 liberatus

215 3266 261 3308 est
275 3261 393 3311 morbo.
414 3261 575 3312 Alterutrum
596 3269 663 3310 certe
682 3261 841 3322 eligendum,
862 3262 929 3310 uude
945 3268 1073 3310 extremae
1088 3262 1250 3325 paragrapho
1263 3261 1336 3322 signa

215 3327 321 3379 lacunae
342 3331 457 3395 apposui.
486 3330 526 3380 Ob
543 3329 682 3379 faciliorem
698 3335 837 3378 amaturae
853 3329 986 3377 decursum
1002 3331 1112 3378 secunda
1126 3329 1168 3378 via
1178 3330 1241 3377 mihi
1253 3328 1335 3390 magis

215 3395 312 3458 plscet;
324 3398 350 3446 in
362 3407 470 3461 utroque
481 3406 566 3446 antem
579 3397 757 3462 supplemento
769 3397 898 3459 quomodo
910 3395 1016 3446 lacunae
1029 3404 1099 3446 ortae
1110 3398 1167 3457 sint,
1179 3397 1286 3458 longum
1298 3402 1336 3445 est

216 3477 349 3526 exponere.
837 3500 841 3507 .

249 3533 317 3593 559.
335 3529 437 3580 diximus
454 3538 495 3592 20,
511 3537 543 3582 98
558 3546 627 3594 seqq.
645 3531 714 3581 Add.
730 3530 846 3580 Dioscor.
865 3537 888 3590 5,
903 3537 944 3580 25.
973 3572 1004 3580 -
1033 3531 1101 3593 dbis,
1119 3549 1142 3582 a.
1163 3530 1212 3593 uss,
1223 3532 1279 3582 Vd.
1303 3570 1334 3578 ..

214 3592 641 3724 {iimm’a'dissilmfflllaa
659 3595 772 3714 ilii
791 3595 1002 3717 “ilidii
1017 3607 1169 3717 {ffl’
1182 3601 1335 3715 ‘stulti

217 3732 249 3782 Τ.
261 3678 353 3795 veitipt',
364 3734 441 3783 Vsd.
454 3703 610 3796 udrtr'qs'uosis,
621 3702 673 3795 β’γ.
686 3772 718 3780 -
731 3729 862 3794 volcarum,
873 3702 974 3784 Μ’-
986 3703 1084 3797 renium,
1098 3705 1122 3785 d.
1140 3683 1335 3797 {calamistri

218 3839 249 3849 ..
267 3798 416 3860 exulceratis,
425 3818 448 3851 a.
466 3798 637 3857 mbmardis,
649 3800 733 3850 VTd.
1329 3800 1332 3806 ’

251 3870 320 3930 §so
337 3867 462 3928 Dimmbes,
475 3885 498 3921 a
521 3865 560 3916 die
575 3865 650 3928 vela,
666 3867 700 3917 V.
723 3865 829 3929 Diocles,
845 3867 898 3918 Τὰ.
920 3910 952 3920 ..
974 3869 1059 3933 minas,
1076 3871 1180 3921 Barbas.
1202 3869 1300 3929 emines,
1312 3882 1336 3916 a.

218 3935 376 3986 omitt.Vd.
400 3977 431 3984 -
454 3934 533 3984 decem
549 3935 612 3984 aceti
626 3933 718 3995 vetum,
735 3936 885 3986 omitt.Vd.
908 3978 938 3988 ..
968 3935 1064 3996 libram,
1080 3940 1178 3989 VTad
1195 3930 1336 3999 (Murbsc.)

217 4000 324 4064 laborem,
340 3996 368 4052 θ.
393 4001 520 4067 thymbrae,
531 3998 560 4064 β.
585 4002 668 4052 labrem
685 4010 714 4065 et,
730 4017 756 4067 γ.
778 4004 838 4053 vid.
858 4010 897 4066 14,
917 4011 973 4057 101.
992 4047 1023 4056 ..
1043 4004 1149 4070 pluviae,
1165 4005 1278 4056 morbac.
1295 4017 1335 4064 sp.

218 4070 323 4120 Cornan
341 4073 373 4120 sd
390 4071 506 4121 Dioscor.
524 4075 548 4131 5,
567 4079 606 4123 ts.
634 4071 749 4132 marinae,
766 4066 889 4136 Vadflr.
916 4069 1016 4131 ὕδατος
1030 4069 1148 4130 κοτύλας
1163 4062 1196 4129 ι’,
1218 4070 1336 4119 Dioscor.

218 4145 241 4199 5,
255 4142 295 4187 22.
315 4178 346 4186 ..
365 4135 503 4202 defervente,
515 4140 568 4190 Td.
587 4181 617 4190 ..
637 4138 793 4202 ᾰῇἶιιηᾰώαι,
805 4141 839 4190 V.

250 4207 318 4269 561.
336 4205 373 4266 in,
386 4221 435 4256 om.
448 4221 471 4256 s.
489 4248 520 4257 ..
539 4205 662 4267 aalma,
678 4200 757 4258 Ora.
780 4206 903 4269 dotabant,
916 4210 968 4262 Td.
989 4207 1088 4268 detaut,
1099 4202 1151 4271 βγ.
1175 4244 1206 4254 ..
1221 4204 1337 4266 fatentur

216 4288 263 4337 pro
276 4283 394 4338 corrupto
407 4275 550 4325 habendum
563 4283 588 4326 ot
604 4277 690 4340 potius
705 4277 842 4339 legendum
850 4277 948 4339 fatetur
959 4291 994 4327 sc.
1008 4275 1181 4337 Asclepiades.
1202 4271 1251 4322 Hic
1269 4271 1336 4320 enim
