2918 4800
198 286 238 350 36
549 302 752 350 urruuxnrs
775 302 969 351 rusronms

195 454 360 542 parotidas
382 453 508 519 discuti.
532 450 651 520 Cortex
673 454 767 519 tritus
782 478 856 520 curn
870 457 940 522 oleo
959 456 1079 521 ventris
1094 457 1202 522 ulcera
1217 470 1318 523 sanat.

198 552 327 620 Crudae
348 553 453 642 grossi
475 575 635 632 verrucas,
666 554 794 640 thymos
822 555 906 621 nitro
926 556 1094 642 farinaque
1116 557 1234 624 additis
1256 558 1318 624 tol·

194 656 274 721 lunt.
299 653 401 742 Spodi
415 655 519 721 vicem
533 656 665 722 exhibet
679 657 832 722 fruticum
854 681 873 722 a
893 657 1002 724 radice
1018 659 1204 724 exeuntium
1220 660 1318 737 cinis3

195 758 245 824 bis
267 769 368 824 tostus
396 758 521 823 adiecto
549 758 713 844 psimithio
740 759 898 848 digeritur
918 760 951 824 in
972 761 1114 847 pastillos
1141 761 1183 826 ad
1211 763 1320 827 ulcera

195 860 360 927 oculorum
383 871 414 926 et
436 859 628 925 scabritiam.

238 964 289 1028 64.
312 960 494 1050 Caprificus
516 961 691 1026 etiamnum
712 963 812 1028 multo
835 963 995 1029 efficacior
1015 964 1088 1030 fico·
1121 964 1235 1030 Lactis
1256 964 1319 1029 mi·
1334 986 1382 1031 rao

194 1088 256 1130 nus
277 1063 393 1142 habet3
418 1065 545 1129 surculo
568 1085 695 1148 quoque
718 1063 787 1128 eius
808 1065 889 1130 lacte
912 1066 1100 1154 coagulatur
1121 1066 1155 1130 in
1177 1089 1318 1132 caseum.

194 1165 381 1252 Exceptum
408 1164 443 1229 id
469 1174 677 1251 coactumque
703 1165 737 1229 in
765 1165 917 1231 duritiam
948 1167 1139 1232 suavitatem
1169 1168 1319 1234 carnibus

195 1268 318 1346 adfert3
346 1267 478 1333 fricatur
498 1268 599 1333 diluto
622 1290 664 1333 ex
685 1278 790 1344 acet03
812 1269 966 1336 miscetur
988 1270 1228 1335 exulceratoriis
1250 1293 1318 1335 me-

195 1370 395 1448 dicamentis,
423 1369 528 1435 alvom
552 1369 656 1448 solvit,
685 1371 812 1436 volvam
834 1393 908 1436 cum
929 1371 1034 1455 amylo
1056 1371 1171 1456 aperit,
1193 1394 1319 1436 menses

195 1473 259 1538 ciet
279 1495 351 1538 cum
372 1472 457 1536 luteo
480 1471 542 1548 ovi,
564 1471 749 1558 podagricis
770 1495 845 1538 cum
866 1472 971 1537 farina
987 1472 1106 1538 Graeci
1121 1472 1188 1537 leni
1209 1473 1318 1539 inlini·

196 1585 259 1653 tur,
280 1574 397 1660 lepras,
419 1595 543 1659 psoras,
565 1573 718 1651 lichenas,
739 1573 912 1659 lentigines
927 1584 1099 1662 expurgat,
1121 1575 1199 1640 item
1220 1597 1318 1640 vene-

194 1685 344 1741 natorum
365 1675 449 1740 ictus
471 1685 503 1740 et
526 1674 614 1740 canis
635 1697 771 1740 morsus.
808 1674 964 1740 Dentium
993 1696 1122 1759 quoque
1144 1675 1246 1741 dolori
1267 1676 1320 1740 hio
1334 1693 1381 1740 tat

196 1800 292 1843 sucus
314 1776 480 1863 adpositus
501 1776 534 1841 in
555 1776 629 1840 lana
650 1777 783 1863 prodest
804 1777 914 1841 autin
945 1800 1024 1842 cava
1046 1799 1156 1842 eorum
1179 1778 1319 1844 additus.

196 1877 353 1945 Oauliculi
383 1890 415 1945 et
442 1878 687 1943 folia'admixto
720 1902 796 1944 ervo
830 1889 942 1943 contra
973 1878 1167 1944 marinorum
1196 1902 1320 1946 venena

194 1991 344 2069 prosunt3
378 1979 515 2045 adicitur
541 1990 573 2045 et
602 1980 723 2046 vinum.
770 1972 916 2045 Bubulas
946 1979 1052 2045 carnis
1081 1979 1182 2043 additi
1211 1979 1320 2045 caules

195 2105 312 2168 magno
332 2082 413 2167 ligni
434 2080 613 2167 conpendio
634 2093 820 2167 perecount.
858 2078 975 2146 Grossi
995 2080 1105 2144 inlitae
1128 2092 1266 2145 strumas
1288 2090 1321 2144 et

195 2206 321 2249 omnem
349 2182 565 2248 collectionem
592 2182 757 2248 emolliunt
784 2193 815 2247 et
843 2182 1032 2258 discutiunt,
1062 2181 1263 2265 aliquatenus
1289 2189 1321 2244 et

196 2285 290 2361 folia3
323 2306 405 2368 quae
430 2281 617 2348 mollissima
645 2296 719 2347 sunt
747 2306 787 2348 ex
814 2282 864 2348 his
894 2306 966 2348 oum
993 2291 1085 2347 aceto
1114 2282 1224 2346 ulcera
1251 2303 1320 2346 ma-

196 2382 317 2462 nantia,
340 2383 552 2470 epinyctidas,
577 2383 720 2448 furfures
741 2395 866 2448 sanant.
905 2382 988 2449 Cum
1011 2382 1105 2448 melle
1127 2382 1213 2448 loliis
1236 2382 1321 2448 ceria
1334 2398 1383 2444 128

199 2495 313 2550 sanant
339 2495 372 2550 et
401 2485 488 2550 canis
517 2507 660 2562 morsus,
693 2494 838 2550 recentes
875 2508 948 2550 cum
976 2485 1050 2550 vino
1078 2483 1320 2571 phagedaenam

122 2584 125 2589 ’
199 2609 272 2651 cum
292 2585 464 2672 papaveris
485 2585 569 2652 foliis
591 2609 665 2652 ossa
687 2585 865 2651 extrahunt
889 2583 1005 2652 Grossi
1020 2585 1161 2673 caprifici
1182 2583 1320 2650 inflatio-

233 2791 339 2855 ἀὶεωτίι,
356 2810 379 2844 a.
402 2834 434 2844 ..
460 2792 553 2857 ulcera,
570 2795 603 2845 V.
630 2793 739 2856 minero,
760 2787 858 2846 Orsa.
881 2835 912 2844 ..
941 2791 1163 2855 erumnarum.
1184 2786 1273 2852 duda,
1286 2789 1320 2839 V.

199 2858 278 2923 eradi,
292 2864 316 2911 d.
334 2863 392 2914 Om.
405 2878 428 2913 a.
445 2863 479 2911 V.
491 2856 609 2912 Dioscor.
624 2868 646 2923 l,
661 2867 717 2914 185.
736 2902 767 2911 ..
787 2879 909 2922 verrucas,
927 2864 951 2912 d.
978 2877 1087 2922 vanans,
1100 2861 1134 2910 V.
1152 2859 1280 2924 ferratas,
1297 2873 1320 2906 a.

199 2944 311 2978 camaras
323 2937 352 2990 et,
368 2930 473 2980 Barbar.
485 2925 507 2991 β
511 2945 536 2995 y.
557 2971 583 2978 -
606 2928 703 2994 thymos,
716 2930 820 2980 Barbar.
833 2947 856 2980 a.
880 2928 965 2994 thymo,
977 2930 1031 2979 Vd.
1050 2969 1081 2978 ..
1097 2925 1241 2991 farinaque,
1257 2927 1321 2974 Bar-

199 2998 252 3047 bar.
262 2996 363 3061 farina,
376 2998 450 3048 Vod.
469 3038 500 3047 ..
521 2995 556 3046 tis
569 3004 646 3056 totum,
659 3014 682 3048 a.
701 2996 736 3046 bis
747 3005 833 3059 coctus,
849 2991 958 3047 OVTd.
972 3037 1003 3046 ..
1018 2993 1149 3060 psimithio,
1158 2995 1192 3044 V.
1206 2992 1321 3057 psimmy-

201 3063 257 3125 tlu'o,
270 3061 361 3129 adssr.
380 3063 527 3130 hyoscyamo,
539 3082 559 3115 r.
578 3107 609 3115 -
628 3063 780 3130 diriyitur‚a.
798 3106 830 3116 ,.
848 3063 970 3126 scabritia,
982 3063 1037 3114 Vd.

233 3152 318 3214 §lata
345 3148 518 3211 etiannumv.
542 3191 573 3198 ..
596 3147 696 3210 sarculo,
715 3151 759 3198 ad.
785 3147 888 3209 sarcula,
900 3147 935 3199 V.
961 3146 1151 3208 sarraliam-
1176 3143 1244 3206 lacte,
1260 3137 1320 3195 OV.

199 3214 245 3279 lac,
257 3213 355 3281 adssy,
369 3259 400 3266 ..
418 3233 494 3278 caseo,
507 3216 582 3267 Vad.
602 3258 633 3266 -
652 3215 705 3265 ideo
717 3223 848 3279 actumque,
861 3217 896 3266 V.
914 3255 944 3264 ..
964 3231 1061 3275 mames,
1073 3207 1133 3264 VO.
1155 3221 1213 3277 pota
1224 3227 1321 3273 menses,

199 3280 293 3403 Zelfir:
315 3327 347 3336 ..
372 3284 524 3350 podayricis,
544 3277 677 3335 evron
705 3279 881 3349 podayrir,ss.
906 3324 937 3334 ..
967 3279 1229 3346 Graecifmi‚Vad.
1250 3279 1324 3343 soem'

240 3369 291 3401 aeas
333 3391 339 3403 .

233 3440 247 3501 §
262 3441 318 3488 12⁷.
336 3437 361 3486 in
373 3453 434 3486 cava
446 3452 531 3499 eorum,
544 3438 610 3487 K'a.
628 3453 748 3499 carorum,
761 3438 817 3487 Vd.
837 3435 903 3485 cavis
914 3450 1000 3495 eorum,
1012 3433 1063 3483 K2.
1080 3432 1105 3482 in
1117 3431 1183 3481 cavis
1194 3446 1280 3493 eoram,
1292 3426 1322 3492 β.

200 3546 231 3554 -
249 3504 403 3567 inditur,K¹.
423 3545 454 3553 ..
473 3504 596 3564 adiicitur,
612 3497 742 3556 OV'rad.
766 3502 889 3566 adiiciant,
900 3499 930 3564 β
949 3542 981 3551 ..
1000 3500 1071 3566 liyac,
1083 3501 1116 3551 K.
1135 3541 1166 3549 ..
1189 3497 1275 3560 Ονοεεί,
1287 3499 1322 3548 V.

201 3613 232 3622 ..
250 3571 340 3633 illatae,
354 3575 377 3622 d.
396 3613 427 3621 ..
447 3588 544 3633 omnem,
557 3573 641 3621 VKa.
668 3566 838 3632 omniamdss.
858 3611 889 3619 -
910 3567 1064 3633 epinyctidas,
1077 3570 1100 3618 d.
1127 3564 1277 3632 epinyctides,
1288 3566 1322 3616 V.

200 3647 223 3688 et
235 3639 389 3704 epinyctidas,
403 3636 473 3703 asty.
493 3680 524 3689 ..
535 3640 656 3702 sassures,
667 3641 745 3690 Vod.
763 3646 786 3687 et
789 3636 909 3700 sassures,
921 3631 943 3698 β
947 3650 972 3700 y.

235 3727 325 3789 §las
355 3722 412 3774 Cum
429 3722 496 3773 melle
504 3723 591 3789 soliis,
609 3721 790 3787 VTaddpy.
820 3718 877 3770 Oum
894 3718 961 3768 melle
977 3718 1031 3768 item
1047 3717 1163 3783 etsclila
1179 3713 1208 3780 β.
1228 3759 1258 3768 -
1285 3733 1322 3766 ce-

201 3808 250 3853 rea,
262 3794 320 3842 Vd.
338 3834 370 3842 ..
388 3793 578 3853 sanantur,'1¹a.
605 3798 714 3851 sanatur,
726 3791 782 3840 Vd.
799 3829 831 3838 -
848 3786 1007 3853 pltayideaas,
1018 3787 1052 3836 V.
1071 3827 1102 3836 ..
1123 3786 1236 3848 Grcssae,
1248 3787 1322 3836 Vad.

202 3900 233 3909 ..
251 3859 392 3924 irfiatioaes,
408 3852 519 3912 Ov'rd.
546 3858 752 3923 inflammationes,
768 3851 817 3919 ast.
836 3897 867 3906 ..
893 3852 1047 3919 psitimitlsyo,
1059 3854 1092 3904 V.
1111 3895 1144 3904 ..
1166 3860 1234 3920 pota,
1248 3856 1271 3904 d.
1291 3893 1323 3902 .-

200 3926 263 3987 r'tem,
276 3928 329 3977 Vs.
352 3926 434 3989 eidem,
447 3930 471 3978 d.
491 3969 522 3976 ..
545 3934 641 3987 sanam,
655 3926 736 3976 omitt.
748 3924 824 3975 Vad.
843 3965 873 3974 ..
893 3922 943 3971 eius
954 3929 997 3971 aut
1005 3920 1085 3987 yrossa'
1094 3938 1173 3986 qaam,
1187 3924 1211 3972 d.
1230 3963 1261 3971 -
1279 3921 1323 3970 mi-

200 3994 355 4057 nuitissimae‚
368 3996 401 4045 V.

176 4081 179 4088 ‘
235 4078 249 4138 §
264 4083 320 4128 129.
339 4078 453 4144 rayadia,
463 4081 497 4130 V.
511 4121 542 4129 ..
561 4077 690 4142 caprificos,
699 4078 732 4127 V.
747 4120 776 4128 -
790 4084 899 4126 ramenta
910 4091 1035 4136 ramorum,
1044 4077 1077 4126 Κ.
1095 4083 1204 4123 ramenta
1215 4090 1289 4136 ramo,
1299 4091 1322 4124 a.

201 4147 371 4208 ramonariae,
383 4149 453 4198 Vd'.
470 4145 656 4205 umenterimos,
670 4147 711 4194 d2.
730 4154 838 4194 ramenta
849 4143 919 4204 rami,
930 4139 981 4207 βγ.
1001 4184 1031 4193 -
1049 4142 1133 4206 scopis,
1145 4146 1169 4192 d.

235 4213 323 4274 §lam
350 4216 466 4277 corticem,
483 4217 528 4267 ad
555 4211 649 4272 cortice,
665 4212 727 4263 VT.
751 4253 783 4264 ..
809 4211 1001 4274 intumescentem,
1018 4212 1096 4262 Hand.
1124 4209 1322 4274 impube-trentam,
