2918 4800
403 299 474 344 nm.
491 298 617 344 xxvur.
646 295 724 343 car.
739 298 787 345 1x.
817 294 915 342 sacr.
932 297 962 340 a.
977 296 1009 339 u.
1204 278 1265 342 295

143 451 206 516 sint
228 461 283 516 aut
309 471 392 535 quae
419 471 483 514 non
511 449 574 513 sint
601 449 785 513 exulcerata
812 446 896 512 salsa
921 446 1084 533 recipitur.
1123 444 1265 527 Quidam

141 552 329 637 quadrantis
349 551 510 637 axungiae
532 561 565 615 et
586 550 681 615 mulsi
702 550 735 614 in
757 549 824 615 vini
847 548 970 633 cyathis
994 547 1093 614 ternis
1108 549 1266 614 decocunt

142 658 252 721 contra
280 652 428 739 phthisis,
456 662 570 736 quarto
597 674 725 737 quoque
754 651 806 716 die
833 653 937 737 picem
966 648 1121 734 liquidam
1147 649 1181 714 in
1203 672 1265 715 ovo
1321 671 1330 681 ⁸

142 757 226 821 sumi
247 756 375 831 iubent3
403 753 644 840 circumligatur
666 765 698 820 et
719 753 873 819 lateribus
899 752 1039 839 pectoris
1067 763 1100 817 et
1125 753 1264 838 scapulis

142 881 252 923 eorum
279 857 335 940 qui
362 855 515 943 phthisim
545 856 699 934 sentiunt,
727 866 877 940 tantaque
906 866 956 921 est
982 849 1031 920 vis
1061 864 1097 918 ut
1125 854 1263 939 genibus

142 961 237 1025 etiam
248 959 422 1046 adalligata
435 959 545 1023 redeat
559 957 592 1022 in
612 980 648 1023 os
661 979 756 1043 sapor
767 979 900 1042 eamque
912 978 1071 1042 exspuere
1083 956 1263 1021 videantur.

141 1061 172 1125 E
195 1083 252 1127 sue
275 1083 357 1146 quae
385 1082 450 1124 non
479 1059 603 1146 peperit
630 1058 794 1145 aptissime
822 1070 955 1124 utuntur
977 1059 1018 1123 ad
1040 1069 1146 1123 cutem
1168 1057 1263 1122 muli·
1279 1074 1326 1117 ras

89 1204 94 1223 .
142 1185 222 1241 eres,
252 1173 363 1228 contra
385 1160 525 1227 scabiem
546 1183 622 1227 vero
650 1161 755 1245 quivis
783 1161 926 1225 admixto
948 1159 1161 1225 iumentorum
1185 1158 1262 1224 sebo

141 1286 200 1350 pro
226 1274 317 1350 parte
346 1264 440 1329 tertia
468 1275 500 1328 et
524 1263 597 1350 pice
624 1263 809 1349 pariterque
839 1261 1091 1329 subfervefactis.
1131 1258 1264 1326 Sincera

141 1375 254 1451 partus
275 1365 309 1430 in
330 1364 478 1431 abortum
500 1365 663 1452 vergentis
684 1366 786 1430 nutrit
808 1364 917 1449 collyri
933 1363 1028 1429 modo
1050 1362 1194 1437 subdita3
1218 1361 1263 1426 ci·

141 1468 276 1534 catrices
298 1466 479 1533 concolores
500 1467 577 1532 facit
599 1489 730 1533 cerussa
751 1467 895 1532 admixta
916 1467 968 1532 vel
989 1464 1114 1553 argenti
1137 1486 1263 1549 spuma,

141 1579 175 1632 at
201 1589 274 1632 curn
302 1567 454 1654 sulphure
480 1568 639 1655 unguium
669 1568 835 1635 scabritias
864 1568 1022 1635 emendat.
1057 1567 1211 1631 Medetur
1232 1576 1264 1630 et

141 1669 255 1754 capillo
282 1667 396 1734 fluenti
423 1681 455 1736 et
482 1670 644 1736 ulceribus
671 1671 705 1734 in
732 1669 837 1756 capite
864 1669 1034 1735 mulierum
1062 1691 1134 1733 curn
1161 1666 1264 1754 gallae

140 1782 232 1856 parte
253 1781 377 1856 quarta,
401 1783 434 1837 et
453 1771 611 1837 infirmata
630 1771 706 1858 pilis
728 1772 901 1837 oculomm.
922 1770 1033 1834 Datur
1047 1780 1079 1833 et
1093 1767 1263 1854 phthisicis

140 1871 292 1938 unciatim
314 1895 388 1939 cum
409 1872 476 1938 vini
496 1873 616 1939 veteris
637 1873 766 1938 hemina
788 1872 929 1949 decocta,
952 1872 1054 1937 donec
1071 1882 1135 1935 tres
1150 1869 1264 1935 unciae

141 1995 159 2038 e
181 1983 246 2039 toto
267 1985 390 2040 restent
396 1998 405 2052 3
428 1974 528 2060 aliqui
550 1985 582 2039 et
603 1974 704 2039 mellis
727 1976 882 2062 exiguum
903 1974 1053 2038 adiciunt.
1090 1971 1191 2037 Panis
1212 1971 1262 2035 in·
1278 1989 1326 2033 140

139 2073 250 2139 linitur
271 2098 344 2142 cum
370 2078 467 2155 calce,
496 2078 575 2142 item
602 2075 780 2142 furunculis
808 2075 1008 2159 duritiaeque
1035 2096 1261 2149 mammarum3

139 2188 235 2263 rupta
261 2189 293 2243 et
322 2179 473 2245 convolsa
507 2188 538 2245 et
566 2189 730 2264 spasmata
756 2189 788 2243 et
815 2177 926 2242 luxata
955 2187 1062 2254 sanat,
1096 2175 1203 2240 clavos
1231 2186 1263 2239 et

139 2279 237 2345 rimas
259 2279 395 2365 callique
422 2280 501 2346 vitia
530 2303 604 2346 cum
630 2279 791 2346 helleboro
818 2278 901 2356 albo,
929 2278 1093 2365 parotidas
1119 2275 1264 2342 admixta

139 2380 242 2445 farina
263 2381 522 2447 salsamentariae
544 2391 655 2460 testae,
683 2402 746 2464 quo
768 2401 889 2469 genere
910 2379 1037 2466 proficit
1059 2377 1155 2442 etad
1177 2386 1261 2442 stru·

139 2504 218 2548 mas.
253 2481 402 2547 Pruritus
425 2494 458 2549 et
478 2484 614 2570 papulas
635 2483 669 2548 in
691 2481 818 2548 balineo
846 2481 1010 2568 perunctis
1033 2480 1115 2547 tollit
1136 2479 1262 2562 alioque

140 2583 313 2649 etiamnum
333 2583 429 2649 modo
451 2582 634 2671 podagricis
654 2583 789 2670 prodest
809 2583 911 2648 mixto
938 2584 1009 2649 oleo
1036 2594 1155 2658 vetere,
1185 2602 1262 2647 con-

140 2685 213 2752 trito
241 2709 306 2752 una
331 2686 532 2773 sarcophago
560 2685 667 2770 lapide
695 2694 728 2750 et
756 2683 974 2770 quinquefolio
1004 2696 1099 2749 tunso
1126 2683 1159 2746 in
1189 2683 1264 2748 vino

136 2857 228 2922 pilulis,
237 2854 305 2924 τβγ.
317 2902 347 2910 ..
357 2869 451 2925 sumpta
462 2869 571 2924 sanatur,
584 2877 604 2910 r.
615 2901 645 2910 ..
656 2875 709 2921 non,
719 2874 769 2909 om.
779 2860 803 2911 d.
813 2900 844 2909 ..
855 2857 929 2919 salsa,
941 2876 954 2909 r
965 2856 1050 2921 (codd.
1061 2855 1132 2920 cel.)
1149 2855 1207 2919 sair,
1217 2859 1262 2908 122.

138 2925 237 2990 pellica,
250 2922 361 2978 ovrd.
380 2927 475 2990 callica,
486 2931 531 2980 R1.
550 2971 582 2979 ..
600 2927 723 2992 recipitur,
738 2921 866 2978 darer.
885 2927 982 2991 petitur,
998 2928 1071 2978 codd.
1085 2926 1140 2978 Gel.
1153 2921 1203 2989 βγ.
1221 2941 1263 2974 ca-

136 2994 212 3057 pitur,
224 2997 256 3045 R.
270 3037 301 3044 -
319 2995 408 3057 multis,
419 2997 505 3047 VRd.
523 2996 605 3057 mellis,
617 2998 650 3046 K.
669 3037 700 3045 ..
718 2996 743 3044 in
755 2995 811 3056 vini,
824 3011 875 3045 om.
888 2996 919 3046 T.
931 3037 963 3045 -
983 2998 1063 3056 tants,
1079 2989 1204 3045 OVR'd
1223 2993 1262 3053 iic,

139 3063 184 3112 R2.
203 3062 286 3124 tribus,
295 3058 345 3127 βγ.
357 3105 387 3114 ,.
398 3072 482 3126 quarto
494 3080 592 3127 quoque,
602 3065 685 3113 RTd.
703 3070 790 3125 quanto
802 3078 901 3125 quoque,
907 3064 941 3113 V.
959 3063 1092 3125 quintoque,
1101 3058 1131 3123 β.
1142 3103 1173 3110 -
1187 3060 1262 3124 picem

140 3127 268 3192 liquidam
285 3131 349 3181 haec
360 3133 438 3181 verba
448 3148 551 3195 prorsus
562 3134 657 3195 inepta,
676 3147 734 3180 cum
749 3131 776 3179 h.
788 3131 805 3178 l.
823 3132 854 3179 do
866 3132 921 3180 sola
933 3132 1046 3193 axungia
1058 3138 1156 3193 agatur,
1169 3131 1262 3178 deben-

139 3205 182 3246 tur
191 3199 303 3260 librario,
316 3199 359 3263 qui
369 3215 402 3249 ex
412 3206 453 3260 24,
463 3206 503 3249 to.
516 3200 666 3249 meminerat
678 3199 760 3261 picem
771 3198 894 3261 liquidam
906 3198 996 3246 tussim
1008 3206 1118 3247 veterem
1130 3207 1156 3246 et
1164 3197 1262 3246 crebras

140 3267 325 3318 exscreationes
336 3268 447 3332 pectoris
460 3281 557 3317 sanare.
574 3307 605 3316 -
623 3262 809 3328 circumlipatur,
822 3259 909 3314 (ΝΤ.
928 3263 1102 3329 circumlipatic
1115 3261 1216 3328 adar.
1230 3305 1261 3313 ..

139 3341 162 3380 et
174 3332 287 3383 lateribus
295 3335 480 3399 pectoria‚VT.
509 3333 622 3384 lateribus
634 3331 746 3397 pectori,
763 3325 814 3382 dd.
840 3331 986 3382 etlateribus
995 3331 1135 3396 pectoribus,
1148 3334 1179 3383 R.
1204 3331 1262 3380 late·

139 3399 204 3450 ribus
216 3409 239 3450 et
248 3403 387 3466 pectoribus,
398 3398 448 3467 βγ.
467 3402 571 3452 malibus
579 3401 690 3466 pectoris,
702 3401 791 3450 Heius.
803 3403 900 3451 advers.
912 3417 937 3464 p.
950 3407 1008 3452 381.
1022 3442 1053 3451 ..
1072 3408 1095 3448 et
1105 3399 1217 3464 scapulis,
1227 3401 1261 3450 V.

138 3502 250 3566 scapulis,
263 3505 345 3555 RTd.
365 3546 396 3554 -
413 3504 562 3570 panaetium
574 3502 645 3565 illita,
657 3505 725 3554 Pint.
745 3544 776 3553 ..
794 3519 876 3568 sapor,
888 3505 941 3553 Rd.
958 3519 1031 3567 supro
1039 3477 1074 3567 pi
1084 3518 1111 3552 re
1123 3509 1155 3562 ut,
1168 3503 1201 3552 V.

172 3606 257 3667 §1³9.
274 3606 374 3668 peperit,
390 3599 501 3657 OVRd.
522 3604 648 3670 pepererit,
660 3600 689 3666 β.
707 3646 739 3655 -
758 3603 844 3670 quivis,
855 3606 888 3655 R.
910 3605 953 3668 qui
962 3604 1010 3663 via,
1022 3605 1077 3654 Vd.
1100 3602 1216 3666 quarraria,
1228 3604 1261 3654 K.

139 3712 169 3720 ..
186 3671 333 3734 pariterque,
344 3674 398 3723 Rd.
417 3674 548 3738 pariterve,
563 3667 623 3723 OV.
642 3714 673 3723 -
692 3672 773 3734 nutrit,
785 3674 809 3722 d.
828 3680 928 3734 autrum,
941 3675 1016 3723 ΨΒ.
1034 3679 1136 3737 nytrum,
1147 3673 1198 3722 Vt
1220 3687 1261 3720 sa·

138 3746 188 3799 nat,
199 3757 219 3789 r.
239 3780 269 3788 ..
288 3747 323 3802 at,
336 3741 389 3791 Rd.
413 3739 453 3804 ad,
465 3744 499 3792 V.
519 3783 550 3792 ..
572 3739 722 3805 sulpurav.
739 3783 771 3793 ..
794 3740 913 3806 unpuium,
931 3741 955 3790 d.
981 3739 1134 3803 adunqnium,
1147 3741 1209 3790 VR.
1227 3781 1259 3790 ..

137 3804 232 3869 capillo,
250 3811 274 3858 d.
300 3806 408 3872 capillos,
424 3811 501 3861 ΨΒ.
527 3808 630 3874 capilli,
647 3811 696 3860 V².
716 3848 748 3858 ..
766 3807 863 3872 fluenti,
881 3808 978 3859 V¹Rd
1000 3806 1139 3871 fluentibus,
1158 3808 1207 3858 3².
1228 3847 1257 3856 -

135 3873 269 3937 ρίἱίς,Βᾱ.
288 3875 352 3938 filis,
364 3878 397 3927 V.
416 3876 488 3940 filiir,
504 3871 550 3927 Or.
568 3919 600 3927 ..
623 3878 794 3938 etoto,VR².
818 3877 977 3937 eatoto,Td.
1001 3876 1153 3937 ecocto,R'.
1171 3917 1203 3926 ..
1221 3891 1258 3924 re·

137 3950 205 4004 stent,
221 3936 391 3993 OVRTKo.
410 3942 522 4006 residant,
533 3941 563 4006 β.
1298 3966 1302 3973 ·

171 4008 187 4071 §
202 4017 257 4061 140.
275 4011 354 4060 Panis
365 4010 480 4074 inlinitur,
491 4012 540 4062 R².
558 4011 638 4062 Panis
649 4010 717 4073 illito,
728 4011 854 4064 Vama.
872 4011 955 4061 Panos
965 4018 1037 4060 sanat
1048 4009 1119 4074 illita,
1131 4028 1150 4061 r.
1170 4053 1202 4062 ..
1212 4012 1258 4076 su·

137 4077 247 4128 ruriculas
258 4077 420 4141 duritiemque,
432 4095 451 4129 r.
471 4120 502 4128 -
521 4086 543 4127 et
553 4078 664 4129 convulsa
676 4087 698 4128 et
708 4087 839 4143 spasmata,
851 4080 875 4129 R
883 4082 900 4128 ².
913 4080 1001 4130 omia.
1014 4079 1080 4130 VR¹
1088 4081 1111 4130 d.
1126 4121 1157 4129 -
1167 4080 1259 4144 surina

136 4144 343 4208 salsamentariae,
357 4150 381 4199 R
392 4145 479 4209 (codd.
493 4145 564 4210 Gal.)
582 4146 675 4211 farina
690 4145 882 4208 sabameataria,
898 4142 980 4198 OVd.
999 4147 1090 4211 sarim
1101 4165 1118 4197 a
1128 4147 1258 4198 salsamen-

139 4213 204 4263 taria
217 4222 284 4276 testa,
296 4216 329 4266 K.
348 4255 379 4266 -
405 4213 494 4276 balneo,
507 4217 532 4265 d.
550 4256 581 4266 -
602 4221 735 4279 perunctos,
746 4215 780 4265 V.
800 4256 830 4264 ..
853 4213 980 4278 cacanum,
993 4217 1026 4266 V.
1046 4256 1077 4266 ...
1093 4215 1211 4279 prodeest,
1223 4217 1256 4266 V.

139 4321 169 4330 ..
190 4291 252 4344 rura,
264 4285 320 4334 Vd.
