2918 4800
368 339 437 384 urs.
453 338 555 384 xxxr.
585 336 663 384 cas.
680 340 716 384 11.
732 337 784 384 111.
813 335 911 383 sucu.
927 337 959 381 so.
974 338 1005 380 u.
1185 320 1247 385 idi

127 491 214 559 enim
234 491 315 556 haee
336 510 407 554 esse
429 502 461 554 et
482 489 618 575 glaciem
632 488 731 553 multo
746 487 898 552 leviorem
913 508 1007 571 aque.
1031 485 1158 552 Horum
1174 509 1246 552 seu-

125 593 259 659 tentiam
280 591 380 657 refelli
401 590 537 656 interest
558 591 651 655 vitae.
678 588 718 653 Iu
739 588 853 675 primis
874 589 958 654 enim
979 586 1093 654 levitas
1113 588 1168 654 illa
1190 589 1248 655 de·

125 691 283 780 prehendi
304 692 397 757 sliter
416 713 514 777 quam
535 714 632 757 seusu
655 691 710 755 vix
732 701 846 776 potest,
867 689 955 755 nullo
969 711 1073 776 paene
1086 700 1247 755 momento

124 793 277 882 ponderis
297 793 392 879 aquis
412 793 497 858 inter
518 816 554 858 se
580 790 789 868 distantibus3
824 812 885 856 nec
912 790 1053 856 levitatis
1076 791 1110 856 in
1136 790 1248 878 pluvia

125 914 210 981 aque
236 904 462 982 argumentum
490 904 540 958 est
568 893 695 959 subisse
721 914 790 958 eam
817 892 852 957 in
881 892 1020 970 caelum,
1050 914 1122 958 oum
1151 892 1247 958 etiam

124 996 250 1083 lapides
278 996 386 1062 subire
418 995 570 1078 adpareat
604 995 786 1080 cedensque
813 993 972 1060 inficiatur
999 994 1100 1061 halitu
1132 1004 1246 1068 terrae,

125 1121 191 1186 quo
210 1098 249 1163 iit
268 1107 307 1162 ut
327 1095 457 1182 pluviae
478 1118 582 1181 aquae
605 1096 748 1162 sordium
769 1096 954 1183 plurumum
967 1096 1073 1162 inesse
1094 1096 1248 1163 sentiatur

125 1200 342 1284 citissimeque
369 1197 443 1264 ideo
471 1198 598 1265 calefiat
619 1219 703 1282 aqua
724 1198 843 1284 pluvie.
879 1198 994 1265 Nivem
1025 1199 1155 1284 quidem
1176 1198 1246 1284 gla-
1260 1214 1292 1257 ³3
1318 1264 1321 1274 ,

125 1301 271 1386 oiemque
299 1299 545 1366 subtilissimum
573 1301 721 1366 elementi
749 1301 819 1366 eius
848 1301 951 1368 videri
979 1303 1076 1368 miror
1100 1300 1247 1388 adposite

124 1402 318 1493 grandinum
337 1413 538 1491 argumento,
561 1426 578 1468 e
602 1401 721 1488 quibus
734 1402 1032 1489 pestilentissimum
1050 1415 1162 1491 potum
1177 1422 1248 1468 esse

125 1505 286 1572 convenit.
306 1503 377 1570 Nee
397 1526 474 1571 vero
494 1504 592 1590 pauci
613 1505 697 1570 iuter
718 1505 807 1592 ipsos
829 1527 847 1570 e
869 1506 1028 1573 contrario
1050 1527 1091 1569 ex
1112 1505 1188 1591 gelu
1210 1525 1248 1568 ac

125 1606 254 1672 nivibus
279 1606 540 1673 insaluberrimos
566 1615 663 1693 potus
690 1606 890 1692 praedicant,
920 1598 1073 1690 quoniam
1099 1615 1248 1670 exactum

126 1707 167 1774 sit
179 1707 254 1773 inde
267 1707 354 1793 quod
368 1708 591 1774 tenuissimum
604 1709 707 1773 fuerit.
728 1707 837 1773 Minui
851 1718 937 1774 certe
950 1707 1106 1792 liquorem
1120 1727 1246 1770 omnem

124 1808 341 1895 congelatione
356 1809 605 1896 deprehenditur
620 1821 652 1877 et
673 1831 745 1876 rore
760 1809 860 1874 nimio
876 1808 1014 1875 scabiem
1028 1808 1109 1886 fieri,
1131 1806 1248 1894 pruine

124 1909 301 1989 uredinem,
331 1911 478 1998 cognatis
504 1923 536 1977 et
564 1911 650 1978 nivis
677 1911 794 1978 causis.
830 1911 964 1978 Pluvies
990 1911 1120 1997 quidem
1147 1930 1247 1993 aquas
1260 1925 1290 1969 si

124 2012 288 2078 celerrime
309 2022 493 2100 putrescere
520 2013 668 2079 convenit
694 2013 899 2098 minumeque
920 2013 1036 2079 durare
1057 2012 1091 2077 in
1112 2012 1247 2095 neviga-

124 2110 221 2178 tione.
248 2113 415 2204 Epigenes
437 2126 544 2181 autem
567 2137 682 2200 aquam
703 2137 787 2201 quae
810 2115 951 2202 septiens
971 2115 1147 2203 putrefacta
1168 2135 1246 2201 pur-

124 2224 201 2300 gate
221 2216 263 2280 sit
275 2215 423 2304 perbibet
436 2217 575 2303 amplius
589 2240 653 2284 nou
667 2226 859 2304 putrescere.
880 2215 965 2280 Nem
979 2217 1134 2282 cisternas
1150 2214 1247 2279 etiam

125 2316 242 2383 medici
270 2319 463 2385 confitentur
487 2318 611 2385 inutilis
636 2318 709 2385 alvo
740 2318 859 2384 duritie
889 2317 1116 2402 faucibusque3
1152 2316 1247 2382 etiam

125 2417 194 2482 limi
215 2442 279 2484 uon
300 2419 372 2486 aliis
393 2421 498 2488 inesse
521 2423 594 2507 plus
623 2432 680 2486 aut
708 2421 892 2486 animalium
919 2441 1001 2505 quae
1027 2417 1151 2484 faciunt
1179 2428 1246 2483 tae·

126 2518 215 2584 dium
248 2522 464 2589 eouiitendum
490 2523 630 2600 habent3
667 2546 727 2589 nee
755 2522 861 2589 stetim
894 2523 1036 2588 amnium
1062 2519 1248 2585 utilissimus
1261 2533 1292 2577 ss

125 2692 152 2740 iu
164 2691 240 2743 Creta
252 2703 318 2746 esset
330 2694 366 2759 (4,
379 2697 442 2761 60.)‚
459 2701 484 2748 in
503 2700 590 2749 eadem
605 2712 666 2747 vero
683 2696 760 2748 Crete
771 2697 863 2747 Idaeus
880 2711 979 2761 quoque
995 2711 1071 2746 mous
1092 2695 1246 2744 inveniretur

125 2757 156 2820 (l.
166 2757 205 2822 l.)‚
214 2763 313 2814 Plinius
321 2767 408 2815 nescio
421 2783 454 2816 au
466 2767 593 2831 scripserit
604 2764 629 2813 in
640 2763 719 2814 anuis
731 2761 842 2830 Coryciis,
853 2763 920 2812 item
932 2760 1055 2813 inldeee
1065 2780 1098 2814 sc.
1106 2769 1187 2822 uutro,
1195 2777 1246 2824 quo

125 2829 228 2878 nomine
239 2828 314 2880 Idaeo
331 2833 417 2883 addito
428 2835 526 2884 Plinius
542 2834 618 2884 simul
633 2833 826 2896 ambiguitatem
838 2833 941 2894 vitabat,
958 2834 989 2882 de
1001 2831 1101 2883 Cretico
1114 2845 1148 2880 sn
1160 2833 1190 2880 de
1204 2829 1246 2879 Gi-

125 2895 184 2944 licio
196 2897 295 2962 Coryco
308 2915 392 2949 sermo
405 2910 478 2951 esset.
497 2942 527 2950 -
548 2901 650 2963 Miezae,
663 2903 768 2951 Barbar.
786 2901 820 2950 V.
836 2900 945 2960 liliosae,
959 2900 982 2947 d.
1000 2899 1047 2948 mio
1057 2915 1090 2960 ze,
1103 2900 1135 2948 R.
1154 2938 1185 2948 ..
1204 2912 1245 2945 ce-

125 2963 430 3086 dedititii*
441 2963 492 3085 ii·
505 3009 543 3083 ω’
555 2968 602 3096 ,il
614 2970 647 3018 v.
665 2965 1097 3084 efflleidiiillilffl
1117 2962 1245 3093 quoq

125 3095 243 3161 Phausia,
255 3070 327 3152 eddd.
340 3072 420 3152 Hard.
439 3052 555 3166 meditatis,
567 3050 621 3153 Vrd
629 3076 736 3166 -s'psaia,
749 3072 915 3162 R'leusia,
926 3095 956 3161 β.
975 3130 1006 3149 ’-
1024 3067 1150 3160 cerrtuicsi,⁸
1160 3071 1200 3149 1'3-
1212 3136 1243 3148 .-

125 3162 281 3230 Rhodiorum,
293 3170 398 3221 Berber.
410 3171 442 3221 R.
460 3168 553 3232 Rhodo,
566 3171 619 3219 Vd.
639 3211 669 3220 ..
688 3177 791 3230 actenus,
803 3170 837 3219 V.
857 3210 888 3218 ..
905 3165 1025 3230 coeuntis,
1037 3168 1069 3217 R.

159 3237 227 3299 §ab
246 3234 396 3302 Staqnentes,
411 3239 445 3289 V.
465 3281 496 3289 ..
520 3238 658 3302 dampnant,
675 3239 707 3289 R.
726 3279 757 3287 -
773 3236 863 3301 fluunt,
879 3236 932 3287 Td.
950 3277 981 3286 -
998 3249 1148 3300 pecussoque,
1159 3235 1192 3284 V.
1212 3274 1243 3283 -

124 3299 277 3366 cistunurum,
288 3307 322 3355 V.
341 3348 373 3357 ..
391 3306 489 3371 uliquis,
500 3309 534 3358 V.
551 3306 677 3371 aliquibus,
689 3301 791 3369 Russy.
804 3347 835 3356 ..
848 3304 880 3366 ii,
893 3321 943 3355 om.
955 3306 1000 3354 ΕΙ.
1014 3343 1044 3352 ..
1058 3300 1182 3364 bedeima,
1194 3301 1243 3352 3².

125 3369 270 3432 brevissima,
281 3374 379 3425 VR¹d.
399 3417 430 3425 -
449 3392 521 3439 aqua,
534 3376 613 3426 omitt.
626 3375 711 3424 VRd.
730 3415 762 3424 ..
780 3381 813 3434 ut,
825 3375 875 3423 R².
893 3372 982 3424 Omitt.
994 3372 1091 3421 VR¹d.

159 3437 228 3499 §sn
245 3439 346 3505 1deoet,
358 3445 443 3494 VRd.
461 3441 571 3506 Ideoque,
584 3444 656 3492 codd.
669 3442 782 3493 Barbari.
804 3439 906 3505 Ideoque
922 3448 952 3499 et,
968 3441 1000 3490 K.
1020 3479 1051 3488 -
1067 3438 1244 3502 praeferuntur,

124 3506 158 3556 Κ.
178 3548 207 3557 ..
226 3508 345 3572 imbribus,
362 3511 387 3561 B
403 3509 490 3574 (codd
502 3509 629 3573 Barbari).
648 3511 737 3562 Omitt.
750 3511 833 3561 VTd.
853 3550 884 3559 -
907 3507 942 3557 ad
956 3506 1146 3572 irfiuitumNd
1164 3502 1243 3620 iffni-

126 3581 181 3637 ium,
193 3579 224 3626 R
242 3577 362 3641 affinium,
380 3579 505 3630 Harduiu.
523 3594 556 3628 ex
572 3579 687 3641 margine
698 3578 866 3643 Deleesmpii,
876 3592 901 3642 γ.
920 3617 951 3626 -
971 3582 1058 3629 macto.
1070 3572 1104 3623 V·
1124 3613 1154 3622 -
1195 3571 1244 3621 vio·

124 3656 182 3703 rem,
193 3643 247 3695 Bd.
266 3644 407 3708 meliboeus,
419 3647 453 3696 V.
472 3645 595 3705 melmrem,
608 3648 639 3696 T.
653 3687 684 3696 -
697 3663 766 3710 aque,
779 3648 802 3696 d.
821 3687 852 3697 ..
871 3642 956 3708 refelli,
972 3636 1109 3693 OVRTd.
1128 3637 1243 3706 refellere,

123 3703 153 3769 β.
172 3751 202 3760 ..
222 3712 308 3773 vitum,
320 3714 353 3763 V.
373 3755 403 3763 -
423 3711 571 3780 reprebendi,
583 3713 666 3763 VRd.
687 3756 718 3764 -
735 3713 813 3774 ab‘m,
825 3714 856 3764 R.
874 3711 963 3772 aliem,
975 3711 1008 3761 V.
1029 3708 1122 3770 alitate,
1135 3711 1172 3759 dt
1191 3707 1244 3775 aqi·

126 3775 200 3841 lituu,
213 3780 252 3829 d².
270 3822 302 3830 -
317 3797 417 3845 poenae,
429 3783 463 3831 V.
483 3822 514 3830 -
537 3779 687 3844 ditantibus,
699 3782 770 3832 R²d.
789 3780 914 3842 distanter,
927 3780 1003 3830 VB¹.
1022 3817 1053 3828 ..
1071 3793 1132 3839 eum,
1145 3792 1197 3826 om.
1209 3776 1243 3826 V.

124 3885 156 3895 ..
175 3845 328 3911 cedentesque
339 3848 484 3912 iqfieiautur,
498 3851 522 3899 d.
542 3890 573 3898 -
588 3847 716 3912 plurimum
728 3849 809 3909 inesse,
821 3849 905 3899 VRd.
923 3845 998 3895 inesse
1005 3843 1142 3910 plurimum,
1153 3840 1204 3909 βγ.

158 3913 227 3978 §aa
245 3912 388 3978 elementum,
400 3917 454 3968 Rd.
468 3956 499 3965 -
517 3914 633 3982 adposito,
645 3917 670 3966 R
678 3917 717 3966 ²d.
736 3915 813 3965 uideri
822 3914 937 3980 adposito,
950 3915 995 3964 R'.
1013 3911 1091 3962 videri
1100 3911 1244 3977 adpositum,

124 3981 159 4030 V.
177 4021 209 4031 ..
227 3981 301 4046 meus,
313 3984 338 4033 d.
356 4025 387 4034 -
406 3983 466 4049 pelo,
479 3984 542 4034 VR.
562 4025 593 4033 -
615 3981 808 4044 imuluberrimsi,
819 3984 887 4035 Vd¹.
906 4020 938 4032 ..
956 3979 1146 4046 coemeterium,
1158 3982 1192 4031 V.
1212 4022 1242 4033 -

125 4047 229 4110 etesium,
241 4051 303 4102 VR.
322 4051 432 4114 unicis,
445 4054 470 4101 d.

158 4119 227 4180 534.
242 4119 376 4182 putescum,
394 4121 428 4171 V.
453 4159 483 4170 ..
505 4115 619 4183 perbibet,
631 4116 662 4166 R.
680 4116 770 4169 Omitt.
786 4119 843 4168 Vd.
862 4159 892 4168 -
911 4115 1012 4178 dudem,
1025 4116 1157 4170 vvir.
1176 4115 1243 4166 duri·

124 4180 183 4246 ciue,
195 4185 220 4235 R
229 4187 245 4234 ¹.
262 4183 368 4236 duritiae
375 4187 503 4250 facientes,
520 4181 570 4250 βγ.
588 4183 726 4246 confitentur
737 4182 792 4233 aluo
802 4183 905 4234 doctius
908 4184 1029 4248 fauentes
1039 4183 1178 4249 inutilesque
1180 4185 1244 4248 sau-

124 4249 242 4312 stomin
261 4294 293 4304 ..
307 4253 372 4319 plus,
384 4256 437 4307 Rd
452 4253 510 4320 plis,
522 4255 556 4304 V.
575 4293 606 4303 ..
624 4259 674 4316 aut,
686 4253 738 4303 Rd.
757 4259 790 4314 ut,
803 4253 836 4303 V.
848 4293 879 4303 ..
892 4251 1055 4315 coufitendun,
1067 4253 1116 4304 13².
1133 4253 1244 4316 corfiten-

124 4320 272 4376 musis
368 4389 372 4398 Ι
1024 4385 1041 4418 ι
