2918 4800
199 280 239 345 52
522 332 526 341 .
548 297 752 344 nannenus
775 297 969 344 marorum

200 448 400 537 singulorum
429 471 529 532 eoque
557 449 653 514 modo
682 459 715 512 et
742 449 784 513 ad
813 449 942 514 volnera
968 459 1113 514 utuntur.
1151 449 1322 538 Unguium

145 567 148 571 ’
200 549 366 615 scabritias
389 550 518 637 expolit,
543 550 570 614 si
593 549 737 634 septenis
759 548 875 614 diebus
898 550 1062 615 solvantur
1074 551 1222 636 nitroque
1243 575 1321 618 con-

198 650 336 715 luantur.
375 649 515 732 Quidam
542 651 577 715 id
604 651 760 737 religione
788 650 950 716 efficacius
974 651 1044 716 fieri
1072 662 1188 737 putant
1219 653 1323 739 prima

198 752 275 816 luna
303 753 470 818 collectum
498 776 515 817 e
543 752 656 818 robore
684 752 753 816 sine
783 752 870 819 ferro
877 777 886 828 3
921 753 949 816 si
977 763 1094 817 terram
1126 777 1191 819 non
1223 755 1321 819 attin·

198 867 265 939 gat,
287 854 501 920 comitialibus
522 854 653 931 mederi,
681 864 871 939 conceptum
892 853 1083 918 feminarum
1105 854 1269 933 adiuvare,
1294 857 1322 921 si

197 956 327 1020 omnino
350 977 461 1020 secum
481 955 621 1021 habeant
627 979 636 1030 3
659 956 769 1020 ulcera
788 955 1040 1021 conmanducato
1054 956 1257 1042 inpositoque
1272 957 1320 1021 ef·

197 1055 386 1121 ficacissime
409 1055 525 1120 sanari.

241 1159 269 1220 7.
298 1155 437 1221 Roboris
458 1157 577 1242 pilulae
601 1205 693 1222 .....
703 1205 712 1236 ,
741 1180 782 1223 ex
803 1157 900 1243 adipe
927 1181 1004 1223 vero
1026 1159 1137 1223 ursino
1158 1159 1320 1245 alopecias
1336 1179 1368 1222 ιιι

198 1257 313 1344 capillo
329 1258 463 1343 replent.
487 1257 580 1324 Cerri
602 1259 678 1324 folia
699 1271 731 1325 et
752 1270 861 1325 cortex
883 1271 916 1324 et
937 1259 1030 1347 glans
1046 1260 1145 1326 siccat
1159 1259 1320 1326 collectio·

197 1382 253 1424 nes
268 1360 590 1445 suppurationesque,
612 1360 780 1426 fluctiones
803 1362 902 1439 sistit3
926 1363 1082 1447 torpentis
1103 1362 1321 1427 membrorum

197 1460 298 1546 partis
320 1462 508 1528 conroborat
528 1463 697 1528 decoctum
718 1463 787 1528 eius
808 1464 886 1540 fotu,
909 1463 961 1528 cui
980 1474 1012 1528 et
1031 1463 1172 1532 insidere
1187 1464 1322 1549 expedit

198 1562 355 1627 siccandis
382 1565 661 1650 adstringendisve
689 1564 846 1650 partibus.
884 1564 992 1629 Radix
1019 1565 1101 1630 cerri
1128 1565 1321 1632 adversatur
1369 1584 1373 1589 ·

197 1663 427 1750 scorpionibus.

239 1769 269 1832 8.
296 1765 431 1832 Suberis
457 1778 567 1832 cortex
595 1768 689 1832 tritus
711 1791 752 1833 ex
774 1790 857 1852 aqua
879 1768 983 1833 calida
1003 1779 1101 1854 potus
1128 1769 1320 1854 sanguinem

195 1866 347 1934 fluentem
368 1892 410 1934 ex
430 1869 581 1934 utralibet
602 1879 695 1954 parte
718 1868 818 1945 sistit3
842 1869 987 1935 eiusdem
1001 1869 1081 1933 cinis
1102 1891 1145 1933 ex
1167 1869 1243 1935 vino
1265 1892 1320 1935 ca-

194 1970 259 2035 lido
283 1973 472 2058 sanguinem
492 1970 736 2036 exscreantibus
757 1993 953 2058 magnopere
974 1971 1135 2035 laudatur.

237 2073 278 2139 V.
303 2075 332 2139 9.
355 2074 440 2162 Fagi
463 2075 539 2139 folia
559 2074 791 2138 manducantur
811 2075 844 2139 in
866 2074 1073 2162 gingivarum
1099 2072 1321 2157 labiorumque
1337 2091 1368 2135 ιι

195 2173 292 2239 vitiis.
334 2174 475 2242 Calculis
504 2176 632 2262 glandis
659 2175 806 2263 fagineae
833 2176 916 2240 cinis
944 2175 1105 2254 inlinitur,
1138 2175 1216 2239 item
1248 2196 1322 2238 cum

195 2275 288 2341 melle
311 2277 473 2361 alopeciis.

240 2379 290 2441 10.
320 2376 477 2463 Cupressi
499 2377 575 2442 folia
604 2379 678 2442 trita
706 2378 903 2464 serpentium
929 2377 1048 2442 ictibus
1069 2378 1268 2464 inponuntur
1290 2387 1322 2443 et
1337 2396 1368 2442 ιι

197 2478 295 2564 capiti
323 2502 396 2543 cum
423 2480 569 2565 polenta,
600 2479 626 2543 si
656 2481 763 2545 asole
791 2479 910 2556 doleat3
939 2479 1017 2544 item
1045 2480 1166 2558 ramici,
1195 2502 1259 2563 qua
1281 2479 1340 2544 de·

198 2602 296 2644 causa
317 2592 351 2645 et
371 2581 541 2658 bibuntur3
566 2580 702 2646 testium·
716 2603 844 2666 quoque
865 2581 981 2646 tumori
1003 2603 1076 2646 cum
1091 2604 1165 2646 cera
1178 2581 1320 2645 inlinun-

198 2690 260 2760 tur,
283 2683 433 2769 capillum
455 2683 625 2770 denigrant
646 2706 687 2747 ex
709 2692 807 2748 aceto.
845 2682 971 2748 Eadem
1001 2683 1077 2747 trita
1098 2705 1172 2747 cum
1192 2681 1320 2746 duabus

196 2782 341 2867 partibus
362 2786 455 2870 panis
476 2784 581 2850 mollis
603 2808 621 2850 e
644 2784 718 2850 vino
740 2785 864 2850 amineo
888 2783 1021 2849 subacta
1041 2784 1162 2871 pedum
1185 2807 1223 2848 ac
1244 2805 1321 2848 ner·

230 2992 244 3054 §
265 2996 303 3039 12.
329 2988 456 3054 Unquium,
473 2993 516 3042 nd.
539 2991 564 3041 in
580 2992 668 3055 quium,
684 2992 717 3042 V.
737 3032 768 3041 -
791 2989 886 3055 expolit,
903 2992 930 3042 V
946 2988 988 3054 (ut
1004 2993 1111 3053 ridetur,
1129 3006 1145 3040 a
1161 3006 1195 3040 m.
1214 2987 1265 3054 pr.)
1282 2992 1320 3040 ad

196 3055 282 3119 (codd.
295 3058 422 3122 Barbari).
439 3058 635 3123 espeltevrr.
654 3101 685 3110 -
703 3060 732 3121 si,
749 3060 830 3109 omitt
844 3061 897 3111 Vd
919 3101 950 3109 ..
973 3076 1020 3108 nau
1036 3058 1166 3120 solvantur,
1178 3059 1211 3108 Κ.
1231 3098 1262 3107 ..
1281 3074 1320 3106 re·

197 3122 341 3242 mleqrpqeuqalqo
357 3167 388 3245 ἢ
407 3125 508 3190 collecto,
520 3128 554 3178 K.
568 3167 599 3177 ..
617 3127 729 3192 attinqat,
745 3121 824 3178 UTd.
841 3126 970 3191 attinquat,
982 3129 1016 3178 V.
1034 3126 1122 3192 attiqit,
1135 3121 1208 3190 ιιβγ.
1223 3166 1254 3175 ..
1267 3141 1319 3174 rum

341 3231 348 3256 ,
388 3231 395 3244 .

231 3281 245 3342 §
260 3287 298 3330 1³.
317 3295 380 3342 uera,
396 3273 497 3332 ovid.
510 3282 599 3334 Omitt.
611 3276 665 3345 ssrt
678 3283 722 3331 sed
734 3281 906 3345 recipiendam
917 3281 1004 3344 putavi
1017 3282 1066 3330 hoc
1078 3280 1233 3339 adverbium,
1245 3280 1282 3328 its
1292 3286 1321 3327 nt

196 3350 322 3411 quaedam
340 3349 464 3400 excidisse
480 3359 605 3414 putarem,
624 3364 688 3413 quae
704 3350 793 3399 itidem
810 3366 825 3399 a
841 3349 1029 3414 praepositione
1045 3348 1233 3410 reinciperent.
1252 3347 1321 3396 Hine

196 3413 301 3465 lacunae
314 3417 386 3479 signa
397 3419 478 3480 posui.
496 3459 527 3467 -
546 3416 653 3481 capillos,
669 3419 744 3468 Vad.
763 3457 794 3467 ..
817 3416 899 3480 replet,
917 3418 971 3468 Vd.
996 3457 1027 3466 ..
1042 3415 1100 3480 fotu
1113 3415 1158 3474 cui,
1175 3416 1226 3475 ad3
1244 3423 1322 3478 atque
1420 3415 1423 3421 '

196 3483 232 3532 ita
248 3500 264 3533 a
280 3500 314 3533 m.
332 3499 369 3547 pr.
387 3484 505 3534 habuisse
522 3487 620 3535 videtur
636 3486 675 3545 V,
695 3485 722 3534 in
739 3501 789 3548 quo
807 3486 859 3533 iam
879 3501 959 3533 sucum
983 3485 1146 3534 substitutum
1170 3490 1214 3532 est.
1234 3521 1265 3530 -
1285 3480 1321 3530 r'n·

196 3549 279 3608 sidae,
292 3567 315 3601 a.
334 3549 446 3611 insedere,
459 3553 530 3601 Vd².
548 3551 637 3612 seduc,
649 3554 686 3602 d¹.
707 3593 737 3600 ..
756 3550 984 3616 adstringendisque,
997 3555 1041 3602 ad.
1062 3593 1092 3600 ..
1111 3549 1205 3610 Subari,
1218 3550 1275 3599 Vd.
1288 3590 1320 3599 ...

197 3616 307 3667 utralibet
314 3627 393 3683 parte,
405 3635 428 3668 a.
447 3617 564 3668 utralibus
572 3627 652 3682 parte,
668 3612 696 3668 θ.
715 3618 814 3678 utralib,·
825 3627 847 3666 et
856 3627 946 3682 partes,
959 3621 982 3668 d.
1001 3617 1118 3668 utralibus
1130 3634 1160 3666 eu
1168 3625 1261 3682 partes,
1273 3618 1321 3668 V'.

197 3685 314 3735 arealibus
322 3686 440 3750 partibus,
453 3687 503 3736 V².

232 3768 300 3828 §le
320 3768 488 3834 labiorumque,
500 3773 533 3820 V.
552 3769 723 3834 labrorumque,
740 3788 763 3821 a.
791 3769 949 3834 laborumque,
963 3773 987 3820 d.
1007 3813 1037 3820 -
1060 3767 1171 3831 Calculis,
1184 3771 1238 3820 Va.
1259 3767 1322 3818 Uau-

198 3834 265 3896 culis,
278 3839 302 3886 d.
324 3836 410 3899 Oculis,
422 3840 533 3889 Mercur.
547 3855 598 3888 var.
611 3839 669 3888 lect.
683 3845 706 3899 2,
719 3844 751 3898 8.,
764 3840 796 3889 Κ.
818 3880 847 3888 ..
863 3837 936 3905 idem,
949 3839 1003 3888 Τὰ.
1023 3879 1053 3888 ..
1073 3837 1204 3902 alapicetis,
1217 3838 1250 3887 V.

232 3919 246 3979 §
263 3927 300 3970 15.
318 3923 458 3985 serpentium
470 3923 560 3983 ictibus,
573 3924 607 3973 V.
624 3923 777 3986 serpentibus,
789 3925 862 3975 Tad.
875 3925 908 3973 V.
922 3925 1039 3974 Dioscor.
1054 3931 1076 3985 l,
1092 3929 1147 3974 102.
1162 3963 1192 3972 ,
1205 3921 1229 3970 si
1239 3938 1262 3983 a,
1276 3923 1321 3971 ad.

198 3989 297 4048 sua‚V.
318 4030 347 4038 ..
366 3990 456 4051 reniti,
469 3994 502 4042 V.
524 4034 554 4043 -
573 3999 696 4053 cuatus.
716 4031 745 4041 ..
770 3991 859 4051 suino,
875 3992 952 4042 Vad.
970 3987 1152 4055 damnaris.
1172 4031 1203 4040 ..
1221 3988 1321 4046 amineo,

203 4047 262 4105 GV.
281 4056 404 4116 ammineo,
416 4055 507 4122 adstr.
528 4102 557 4110 -
576 4059 683 4109 dolorum
699 4076 814 4122 neruores,
830 4060 864 4110 V.
885 4102 914 4110 -
938 4057 1014 4121 sedat,
1028 4061 1052 4109 d.
1072 4101 1101 4110 ..
1121 4057 1224 4119 Ramiti,
1236 4059 1270 4107 V.
1290 4099 1320 4107 ..

197 4132 304 4186 prosunt,
317 4142 339 4175 a.
356 4133 454 4188 ponunt,
467 4128 520 4178 Vd.
544 4169 567 4176 -
588 4136 714 4193 ponuntur,
727 4130 759 4178 V.
1224 4149 1227 4155 ·

234 4212 248 4273 5
264 4215 302 4259 lo.
322 4210 386 4272 tusis,
400 4226 422 4259 ιι.
443 4210 506 4271 tussi,
519 4213 573 4263 Vd.
588 4255 616 4262 -
631 4214 679 4277 qui,
692 4230 742 4264 om.
756 4216 779 4264 d.
799 4256 827 4263 ..
848 4213 941 4274 mixtus,
954 4216 999 4263 ad.
1018 4212 1103 4274 miras,
1116 4215 1148 4262 V.
1168 4211 1243 4272 misto,
1257 4228 1276 4261 r.
1292 4253 1321 4259 .-

1245 4339 1260 4369 0
