2918 4800
425 314 496 359 ans.
512 313 598 359 xxx.
628 311 705 359 car.
723 312 770 359 vr.
799 311 897 359 secr.
915 315 944 357 n.
961 315 989 356 ie.
1201 295 1264 360 393

143 464 327 550 suspiriosis
358 463 551 550 multipedae
579 463 625 527 ita
652 475 688 528 ut
717 474 766 528 ter
793 473 943 549 septenae
970 462 1003 526 in
1032 463 1142 528 Attico
1170 464 1264 529 melle

143 565 307 631 diluantur
329 575 360 631 et
380 586 438 649 per
452 564 664 630 harundinem
681 565 848 641 bibantur3
872 586 964 636 omne
980 565 1064 630 enim
1081 588 1138 631 vas
1153 587 1264 630 earum

39 739 41 745 .
142 665 298 751 nigrescit
320 676 467 731 contactu
474 692 483 744 ;
513 666 645 750 quidam
672 675 794 732 torrent
815 689 856 731 ex
877 665 927 730 his
951 667 1126 731 sextarium
1148 667 1182 730 iu
1205 690 1263 753 pa-

143 766 211 832 tina
231 768 334 833 donec
356 767 512 834 candidae
534 768 627 848 fiant,
648 778 725 833 tune
746 767 839 833 melle
861 768 1013 844 miscent3
1043 767 1097 832 alii
1120 767 1264 858 centipe-

144 869 218 934 dam
240 880 353 934 vocant
375 881 407 934 et
429 893 469 934 ex
491 891 575 954 aqua
603 870 695 935 calda
724 868 793 934 dari
820 869 942 935 iubent.
980 865 1117 935 Cocleae
1138 870 1171 934 in
1194 868 1266 935 cibo
1279 886 1310 931 ss

143 970 184 1034 iis
205 992 287 1054 quos
308 969 422 1055 linquit
443 972 569 1036 animus
582 982 639 1035 aut
652 992 789 1055 quorum
803 971 959 1036 alienatur
972 995 1063 1036 mens
1079 981 1135 1036 aut
1148 970 1266 1055 quibus

143 1072 317 1160 vertigines
348 1072 431 1136 fiunt
465 1095 508 1138 ex
533 1072 622 1159 passi
649 1072 773 1157 cyathis
801 1073 904 1139 tribus
934 1073 1079 1162 singulae
1108 1073 1266 1138 contritae

144 1196 218 1239 cum
240 1197 298 1238 sua
321 1184 402 1239 testa
423 1184 455 1240 et
476 1174 647 1239 calefactae
669 1175 703 1239 in
724 1184 804 1260 potu
826 1174 921 1239 datae
944 1173 1060 1240 diebus
1081 1175 1267 1259 plurumum

144 1296 276 1352 novem3
313 1275 412 1359 aliqui
440 1275 585 1362 singulas
611 1277 716 1362 primo
742 1276 794 1340 die
824 1274 957 1353 dedere,
992 1275 1137 1360 sequenti
1163 1273 1266 1352 binas,

144 1376 239 1441 tertio
253 1386 371 1454 ternas,
393 1387 505 1461 quarto
521 1379 613 1456 duas,
636 1378 747 1462 quinto
762 1400 876 1453 uuam3
901 1377 947 1443 sic
961 1388 994 1442 et
1009 1377 1147 1461 suspiria
1162 1398 1267 1441 emen-

145 1476 224 1542 dant
249 1491 281 1542 et
307 1477 458 1543 vomicas.
497 1478 580 1544 Esse
609 1478 728 1544 animal
755 1479 898 1544 locustae
926 1479 1029 1544 simile
1058 1479 1126 1543 sine
1147 1477 1267 1562 pinnis,
1281 1495 1313 1539 4⁹

145 1579 233 1662 quod
256 1579 398 1644 troxallis
421 1577 546 1645 Graece
568 1591 710 1658 vocetur,
739 1579 895 1644 Latinum
917 1603 1033 1645 nomen
1055 1602 1119 1644 uon
1139 1578 1268 1656 habeat,

145 1680 244 1764 aliqui
272 1681 485 1760 arbitrantur,
518 1704 578 1747 nec
605 1681 700 1767 pauci
728 1693 875 1747 auctores
902 1681 961 1746 hos
990 1703 1063 1746 esse
1089 1681 1145 1764 qui
1171 1679 1268 1766 grylli

145 1793 315 1859 vocentur3
343 1805 384 1847 ex
412 1783 462 1848 his
488 1805 537 1847 xx
565 1783 679 1849 torreri
705 1782 817 1848 iubent
842 1804 880 1847 ac
901 1782 969 1848 bibi
991 1805 1009 1848 e
1032 1783 1136 1847 mulso
1158 1790 1269 1845 contra

146 1883 358 1969 orthopnoeas
380 1885 634 1973 sanguinemque
649 1883 891 1971 exspuentibus.
917 1882 1044 1949 Cocleis
1067 1893 1117 1948 est
1138 1881 1195 1965 qui
1216 1880 1267 1947 in-

144 1984 216 2049 lotis
245 1997 432 2073 protropum
460 1986 608 2051 infundat
634 1986 686 2051 vel
712 1986 869 2051 marinam
891 2007 1018 2070 aquam,
1046 1984 1091 2049 ita
1113 1984 1270 2068 decoquat

147 2097 178 2150 et
198 2088 232 2151 in
255 2088 326 2154 cibo
349 2099 462 2166 sumat,
485 2100 542 2153 aut
563 2088 591 2153 si
613 2088 707 2153 tritae
730 2111 804 2154 cum
826 2088 914 2152 testis
931 2087 998 2152 suis
1013 2097 1181 2152 sumantur
1196 2109 1268 2151 cum

144 2200 315 2276 protropo;
339 2191 438 2256 sicet
460 2189 540 2255 tussi
555 2190 734 2254 medentur.
756 2190 909 2256 Vomioas
926 2189 1077 2274 privatim
1101 2199 1194 2253 sanat
1208 2187 1273 2252 mel
1284 2206 1316 2251 so

146 2397 238 2460 septird,
250 2399 327 2451 VR¹.
346 2398 443 2463 septeni,
456 2400 481 2449 d.
501 2441 531 2449 -
550 2397 685 2460 deluantur,
697 2399 742 2448 R'.
761 2398 896 2460 diruantur,
907 2399 932 2448 R
941 2401 957 2448 ².
971 2438 1002 2446 ..
1020 2413 1100 2446 earum
1112 2396 1232 2462 nigrescit,
1246 2399 1270 2446 d.

148 2532 268 2596 niprescit,
279 2534 344 2584 VT.
366 2534 402 2598 ini
416 2495 535 2599 indrescit,
547 2536 578 2584 R.
598 2576 629 2584 ..
648 2542 776 2593 contractu,
789 2536 833 2584 R'.
854 2575 885 2584 ..
909 2542 1005 2596 torrent,
1018 2536 1034 2583 d
1047 2531 1131 2596 (codd.
1144 2535 1270 2598 Barbari).

147 2607 245 2660 torrens,
258 2602 333 2657 Vnt
352 2603 470 2664 tementis,
481 2605 529 2652 1³².
554 2644 585 2653 ..
608 2619 638 2652 ea
653 2602 691 2664 iis,
709 2604 782 2653 codd.
795 2604 909 2654 Barbari.
929 2603 1018 2655 amitt.
1032 2603 1145 2653 VRTd.
1165 2643 1196 2651 ..
1215 2618 1271 2650 can·

147 2666 206 2728 didi,
219 2670 252 2718 V.
272 2710 302 2719 -
322 2669 476 2734 centipedam,
489 2673 521 2721 R.
539 2669 723 2736 centumpedam,
739 2664 800 2721 GV.
823 2679 913 2720 centum
927 2669 1021 2736 pedm,
1034 2670 1059 2720 d.
1079 2711 1110 2720 ..
1128 2668 1209 2732 calda,
1221 2672 1270 2720 R2.

148 2734 236 2797 calida,
248 2738 301 2788 V².
321 2740 410 2790 omitt.
426 2732 613 2805 utamur.

180 2828 195 2889 ξ
209 2836 249 2881 48.
267 2831 316 2880 cito
328 2831 367 2893 iis,
379 2833 415 2882 ita
426 2849 474 2884 uos
486 2834 640 2899 scripsimus,
657 2849 812 2898 quamquam
824 2833 898 2884 nobis
910 2847 1058 2897 persuasum
1071 2842 1109 2882 est
1120 2834 1156 2893 sic
1169 2848 1272 2897 quoque

147 2899 316 2962 corruptelam
333 2901 359 2948 iu
375 2901 415 2950 his
431 2916 470 2950 vv.
487 2903 578 2963 inesse,
596 2918 654 2951 cum
671 2917 736 2966 quae
747 2900 814 2952 infra
825 2909 965 2966 sequuntur
976 2903 1054 2952 verbs
1065 2900 1090 2949 iu
1100 2908 1158 2963 potu
1171 2915 1228 2950 cum
1242 2902 1272 2950 iis

148 2967 277 3015 conciliari
294 2976 429 3030 nequeant.
452 2969 488 3017 cib
501 2969 529 3030 is,
542 2971 569 3018 V
586 2968 699 3031 (videtur
714 2986 727 3017 o
744 2968 864 3032 erasum).
882 2968 933 3017 cibo
945 2968 973 3029 is,
985 2969 1010 3016 R
1021 2967 1080 3032 (per
1091 2984 1105 3016 a
1116 2969 1185 3019 linea
1197 2971 1272 3018 verti-

147 3050 195 3098 cali
208 3049 345 3112 traducta).
363 3051 425 3099 alios
437 3035 567 3117 madriu
586 3052 644 3101 cibis
655 3052 699 3112 his,
712 3068 732 3102 r.
756 3053 814 3101 cibes
831 3034 919 3101 deletur
936 3051 981 3111 lis,
996 3053 1029 3102 K.
1049 3093 1080 3101 -
1099 3051 1184 3114 inquit,
1197 3053 1221 3102 d.
1241 3091 1271 3100 -

147 3115 263 3180 singulae,
275 3118 328 3166 Rd.
347 3116 433 3182 inquis,
445 3120 479 3169 V.
492 3159 524 3168 -
541 3118 637 3182 aliquis,
649 3120 713 3169 vlt.
729 3160 759 3167 -
778 3119 852 3179 tertio,
865 3121 914 3169 R2.
934 3119 1022 3171 omitt.
1036 3120 1135 3170 VR'd.
1153 3159 1184 3168 ..
1203 3117 1273 3179 dude,

147 3187 198 3235 Re
218 3185 307 3236 Onia.
321 3185 419 3236 VR¹d.
438 3227 470 3236 -
489 3185 606 3249 emendat,
618 3188 681 3238 VR.
701 3227 732 3236 ..
750 3185 859 3247 uomitus,
871 3186 903 3236 R.

182 3282 250 3343 §49-
268 3275 338 3342 Esse,
354 3277 564 3346 VRTdddpp.
582 3278 637 3341 Est,
653 3274 682 3340 β.
706 3320 737 3329 ..
761 3277 831 3340 locus,
847 3281 892 3330 at
915 3277 1010 3341 lucusta,
1027 3279 1077 3328 Ra
1101 3321 1131 3328 -
1157 3279 1273 3341 monadis,

147 3348 183 3396 ita
200 3363 247 3397 uos
265 3348 409 3411 scripsimus
426 3362 459 3397 ex
476 3350 550 3399 codd.
566 3349 669 3398 Aeliani
688 3348 748 3398 hist.
765 3349 843 3397 anim.
861 3354 885 3409 6,
905 3352 944 3398 19.
969 3345 1076 3409 aenaim,
1092 3348 1166 3398 codd.
1182 3349 1274 3398 indicis

147 3415 205 3464 libri
217 3417 301 3479 primi,
313 3430 338 3479 r.
357 3413 462 3478 tricolis,
474 3416 571 3466 VR'd.
591 3414 696 3481 tyaallis,
709 3416 758 3465 Re
782 3414 891 3480 trynalis,
907 3410 936 3476 β
957 3456 987 3464 ..
1006 3422 1106 3476 vocetur,
1124 3413 1274 3466 vlt'Tua.

147 3491 252 3545 uocatur,
269 3479 345 3544 R2ss.
364 3523 396 3534 ..
414 3499 495 3533 nomen
515 3500 561 3532 non
581 3483 676 3546 lrabeat,
692 3479 832 3549 vemas
839 3498 868 3547 φ.
893 3499 939 3537 nan
957 3481 1051 3544 babeat,
1063 3484 1108 3532 R1‘
1132 3482 1275 3547 nonyiabeat

147 3566 237 3611 nomen,
253 3552 306 3601 Td.
330 3568 411 3601 nomen
427 3568 473 3599 noa
490 3550 565 3612 dohet,
581 3548 610 3613 β.
633 3593 665 3601 ..
693 3550 777 3615 aliqui,
795 3549 983 3617 VRTdupp.
1006 3559 1032 3599 ut
1048 3550 1130 3615 aliqui,
1145 3547 1174 3612 β.
1198 3550 1277 3616 aliqui

147 3615 299 3734 vlm’dlldl
320 3619 398 3749 alym
416 3627 531 3681 auctores,
552 3622 585 3670 K.
609 3661 641 3669 ..
673 3635 715 3668 nec
736 3618 812 3684 pauci
836 3627 953 3683 auctores,
983 3612 1122 3669 ovata.
1148 3636 1190 3669 nec
1211 3637 1275 3684 pau·
1308 3616 1312 3638 ¹

147 3701 224 3734 mores

151 3702 433 3820 OVldeddoppstr.
453 3798 483 3806 ..
507 3754 576 3821 prills'
590 3763 708 3817 vocentur,
724 3748 930 3821 Ovssuaupp.
948 3754 1040 3820 9ryllus
1058 3764 1158 3817 uocetur,
1171 3752 1222 3821 βγ.
1243 3798 1274 3806 -

147 3821 215 3882 XX,
233 3821 336 3871 VR'2d.
360 3823 466 3888 tripinta,
483 3827 528 3876 R¹.
548 3865 578 3874 -
599 3822 685 3872 torreri
699 3823 784 3884 iubent,
798 3825 867 3874 R²d.
887 3822 947 3872 torri
962 3822 1048 3883 iubent,
1060 3824 1104 3874 1³¹.
1125 3825 1225 3874 torrenti
1241 3824 1275 3874 bi·

149 3889 208 3950 beat,
221 3889 255 3938 V.
275 3929 306 3938 ..
325 3888 380 3950 vivi,
392 3892 419 3941 V
431 3906 463 3942 ex
475 3893 574 3942 emend.
593 3933 624 3942 ..
643 3890 835 3956 sanquinemque,
847 3893 878 3941 R.
897 3890 1044 3955 sanquinem,
1057 3893 1113 3942 Vd.
1133 3934 1164 3942 ..
1187 3891 1276 3942 Cocleis

148 3956 243 4020 estqui,
256 3958 292 4006 ita
303 3971 352 4006 uos
364 3959 517 4022 scripsimus.
536 3959 627 4010 cocleae
642 3967 678 4008 est
693 3958 743 4022 qui,
755 3959 839 4010 VRd.
857 3957 905 4007 Est
921 3958 964 4022 qui
978 3957 1086 4020 cochleis,
1098 3955 1150 4023 βγ.
1170 4002 1200 4010 -
1217 3978 1274 4025 pro-

149 4032 249 4089 tropum,
261 4025 309 4074 R2.
326 4032 458 4089 protopum,
470 4028 569 4078 VR¹d
584 4069 615 4078 ..
634 4026 729 4076 marina
741 4042 814 4090 aqua
826 4028 883 4077 Vd.
902 4068 933 4077 ..
952 4027 1028 4076 uulsi
1039 4029 1125 4090 tritae3
1140 4030 1272 4078 delendum

148 4108 203 4144 csse
215 4094 334 4144 existimo
347 4094 553 4144 coniunctionem
568 4095 598 4158 si,
615 4111 674 4146 cum
691 4109 766 4157 quem
782 4096 815 4144 ad
831 4096 908 4145 finem
924 4110 955 4144 ea
971 4096 998 4145 h.
1016 4096 1033 4144 l.
1052 4096 1084 4146 sit
1096 4096 1186 4160 posita,
1198 4112 1274 4147 nemo

148 4163 229 4224 possit
240 4163 376 4227 explicare.
395 4203 426 4211 -
444 4170 567 4212 sumuntur
578 4180 638 4225 cum,
650 4159 711 4214 VR.
730 4170 853 4211 armantur
864 4161 901 4210 uel
911 4179 970 4224 cum,
983 4165 1038 4213 Td.
1059 4205 1089 4214 ..
1110 4164 1170 4213 tussi
1181 4163 1273 4212 meden-

149 4235 195 4290 tur,
207 4231 255 4280 R2.
275 4230 355 4279 tussim
367 4228 522 4295 emendentur,
535 4232 579 4282 12¹.
599 4230 679 4282 tussim
692 4229 870 4293 ensmendentur,
883 4232 916 4281 V.
936 4230 1014 4280 tussim
1027 4229 1160 4296 emendant,
1174 4235 1229 4284 Td.

364 3725 370 3738 .
388 3687 434 3736 alii
450 3704 490 3736 nec
504 3687 637 3752 pauciores,
649 3687 682 3737 K.
701 3727 733 3736 -
756 3685 797 3736 isos
814 3703 863 3735 esse
880 3689 928 3750 qui,
947 3688 1061 3738 Gronov.
1080 3686 1187 3737 decesso.
1205 3686 1274 3752 quod,
