2918 4800
399 321 470 368 um.
487 321 587 368 xxm.
620 319 698 367 cnr.
715 321 790 368 vm.
821 321 919 368 sacr.
935 324 1018 368 ,ετ-39.
1206 310 1266 373 179
1306 352 1308 357 ,

147 474 204 539 sed
227 471 394 538 utilissime
417 493 490 538 cum
512 473 580 537 aloe
601 472 648 537 ita
668 484 705 539 ut
725 471 897 559 incipiente
916 475 1106 562 purgatione
1127 476 1265 542 mulsum

146 574 286 642 bibatur.
323 572 379 638 Fit
401 584 433 641 et
454 573 620 640 decoctum
641 574 760 640 radicis
787 574 821 639 iu
849 586 939 641 aceto
960 575 1001 640 ad
1023 577 1266 644 crassitudinem

144 675 259 754 mellis,
291 696 355 759 quo
387 674 495 760 leprae
526 674 704 741 inlinuntur
731 688 763 741 et
790 687 886 763 caput
913 678 1070 766 unguitur
1097 679 1130 743 in
1158 679 1267 745 dolore

145 801 217 844 cum
239 776 318 842 oleo.

187 880 238 943 39.
261 877 480 962 Tithymalum
499 878 602 944 nostri
619 876 751 943 herbam
765 879 929 944 lactariam
944 892 1069 959 vocant,
1093 879 1147 945 alii
1161 881 1265 947 lactu·
1279 901 1311 945 aa

146 1001 217 1045 cam
238 979 412 1065 caprinam,
440 990 636 1063 narrantque
657 979 740 1046 lacte
762 980 832 1045 eius
853 981 1007 1067 inscripto
1029 1004 1171 1068 corpore,
1193 1005 1266 1047 cum

144 1080 308 1159 inaruerit,
332 1081 359 1145 si
374 1081 454 1145 cinis
469 1081 685 1167 inspargatur,
709 1081 862 1168 adparere
882 1081 1008 1148 litteras
1022 1093 1056 1148 et
1076 1084 1122 1148 ita
1135 1083 1266 1167 quidam

145 1182 305 1247 adulteras
320 1181 448 1267 adloqui
462 1183 603 1247 maluere
618 1205 714 1267 quam
730 1183 894 1250 codicillis.
919 1181 1050 1250 Genera
1065 1185 1134 1250 eius
1148 1185 1264 1249 multa:

145 1283 269 1370 primus
291 1284 534 1369 cognominatur
555 1284 717 1350 characias
740 1285 794 1369 qui
817 1297 848 1350 et
862 1286 1024 1352 masculus
1044 1286 1265 1364 existumatur,

144 1385 241 1450 rimis
263 1384 388 1472 digitali
410 1386 635 1464 crassitudine,
663 1387 780 1466 rubris,
809 1387 933 1454 sucosis
955 1389 1097 1473 quinque
1119 1398 1176 1454 aut
1197 1411 1265 1466 sex,

145 1485 275 1551 cubitali
296 1486 507 1575 longitudine,
537 1511 557 1552 a
577 1488 685 1554 radice
708 1489 793 1555 foliis
815 1512 919 1574 paene
941 1490 1040 1568 oleae,
1069 1489 1104 1553 in
1127 1489 1265 1556 cacumi-

143 1587 239 1653 nibus
261 1610 354 1654 coma
374 1588 471 1654 iunci.
505 1589 654 1655 Nascitur
674 1590 709 1655 iu
730 1591 853 1678 asperis
874 1590 1052 1670 maritimis,
1074 1590 1193 1678 legitur
1214 1613 1265 1656 se·
1279 1605 1311 1651 aa

144 1712 217 1754 men
238 1700 393 1755 autumno
415 1713 603 1771 cumcuma,
627 1691 781 1757 siccatum
797 1692 863 1758 sole
879 1692 1024 1757 tunditur
1038 1702 1072 1757 et
1084 1693 1264 1780 reponitur3

145 1813 242 1856 sucus
269 1814 344 1856 vero
372 1790 546 1875 incipiente
572 1813 741 1877 pomorum
768 1792 939 1881 lanugine,
974 1792 1124 1859 defractis
1157 1794 1265 1872 ramis,

145 1892 304 1976 excipitur
325 1892 431 1956 farina
452 1893 520 1958 ervi
542 1904 598 1957 aut
619 1892 689 1958 ficis
710 1903 747 1959 ut
761 1917 835 1960 cum
848 1894 889 1960 iis
903 1904 1030 1960 arescat
1036 1918 1045 1970 3
1068 1894 1183 1978 quinas
1205 1917 1264 1959 au·

145 2002 210 2056 tem
230 2003 339 2078 guttas
361 1992 498 2080 singulis
520 1993 625 2080 excipi
648 1989 726 2059 satis
748 2006 808 2072 est,
831 1994 1026 2079 traduntque
1049 1995 1164 2060 totiens
1185 2019 1264 2081 pur-

144 2094 215 2180 gari
234 2093 429 2181 hydropicos
450 2095 511 2160 fico
534 2106 663 2181 sumpta
682 2107 761 2180 quot
774 2106 885 2185 guttas
898 2095 989 2161 lactis
1005 2097 1174 2182 exceperit.
1198 2093 1263 2163 Su·
1278 2112 1310 2164 64

144 2218 201 2260 cus
223 2219 296 2260 cum
317 2196 488 2285 colligitur,
517 2219 558 2261 ne
583 2196 722 2285 attingat
749 2196 858 2263 oculos
880 2197 1059 2262 cavendum
1081 2210 1147 2277 est3
1174 2197 1211 2262 fit
1232 2208 1265 2264 et

144 2296 266 2362 eloliis
287 2297 391 2362 tunsis
413 2297 520 2382 priore
541 2297 647 2363 minus
663 2298 795 2375 efficax;
817 2298 854 2363 fit
876 2307 908 2363 et
929 2298 1094 2364 decoctum
1116 2321 1133 2362 e
1155 2297 1263 2362 ramis.

143 2397 206 2464 Est
225 2408 257 2464 et
277 2420 387 2464 semen
407 2399 441 2463 in
461 2421 525 2465 usu
547 2422 620 2464 cum
642 2399 735 2465 melle
756 2399 922 2465 decoctum
948 2399 990 2464 ad
1017 2399 1176 2486 catapotia
1198 2399 1264 2464 sol·

144 2499 264 2565 vendae
285 2499 350 2565 alvi
370 2499 487 2588 gratia.
511 2497 629 2566 Semen
651 2514 683 2567 et
704 2500 849 2566 dentium
870 2499 959 2567 cavis
981 2522 1054 2566 cera
1070 2498 1262 2576 includitur3

145 2601 336 2673 conluantur
359 2611 392 2666 et
405 2601 531 2675 ,radicis
557 2603 689 2668 decocto
716 2624 733 2665 e
761 2603 836 2668 vino
862 2613 920 2667 aut
946 2603 1025 2668 oleo.
1060 2601 1205 2666 Inlinunt
1232 2612 1265 2667 et

143 2701 283 2768 lichenas
313 2724 391 2770 suco
417 2703 596 2787 bibuntque
624 2726 698 2769 eum
724 2715 760 2768 ut
788 2715 908 2792 purget
935 2703 1106 2770 vomitione
1134 2713 1165 2769 et
1191 2703 1263 2768 alvo

144 2871 331 2937 vssrssaass.
356 2919 387 2928 ..
411 2875 496 2944 naba,
507 2879 539 2928 R.
563 2876 601 2927 vel
615 2876 699 2942 malea,
714 2871 828 2929 vaa.
847 2886 870 2927 et
884 2876 969 2938 malsc,
986 2895 1009 2929 a.
1032 2875 1071 2927 vel
1084 2877 1167 2939 malsc,
1180 2879 1210 2928 T.
1230 2918 1261 2927 -

144 2940 246 3058 eaulslple,
263 2959 286 2993 a.
310 2984 341 2994 ...
360 2943 437 3008 abac,
455 2946 488 2996 V.
511 2987 543 2995 -
570 2944 716 3010 inliciuntnr,
733 2963 757 2997 a.
782 2987 813 2997 ..
840 2944 983 3010 inanpnitar,
1001 2947 1026 2996 d.
1051 2987 1082 2996 ..
1109 2945 1166 3008 oleo,
1179 2946 1261 2996 Vae.

118 3038 121 3045 ⁴
144 3026 165 3056 m
214 3012 257 3069 ‚d.

177 3080 245 3142 §62
267 3077 445 3143 Tltbymallnm,
461 3083 515 3131 Va.
534 3122 565 3130 -
583 3079 640 3140 alii,
656 3097 706 3131 cm.
718 3099 741 3130 a
759 3122 790 3130 -
809 3080 941 3143 caprinam.
963 3079 1078 3130 Narrant
1093 3080 1160 3143 lacre,
1177 3080 1210 3129 K.
1228 3120 1261 3130 .-

144 3143 176 3206 ei,
193 3160 215 3193 a.
238 3187 270 3195 -.
293 3146 460 3211 insparpatar,
471 3151 520 3200 ΙΨ.
541 3156 685 3212 spargatur,
697 3150 773 3198 VR'.
795 3146 959 3211 insperpatar,
970 3143 1062 3212 adssr.
1082 3189 1113 3196 -
1129 3147 1226 3210 primes,
1238 3161 1261 3196 a.

145 3253 176 3261 ..
199 3211 338 3276 characias,
359 3217 477 3265 Dioscor.
498 3221 527 3275 4,
550 3221 606 3265 las.
636 3213 789 3275 characlias,
809 3216 880 3265 Ru.
913 3213 1053 3276 chararico,
1073 3216 1145 3265 R'd.
1174 3212 1261 3262 zacha·

144 3279 202 3340 rias,
214 3280 247 3330 V.
266 3323 296 3330 ..
316 3281 437 3343 manaa,
449 3283 483 3333 V.
494 3322 526 3331 -
537 3282 633 3343 moses,
648 3276 786 3332 OVRTd.
805 3281 904 3346 rapacis,
917 3277 965 3342 ast.
976 3323 1007 3330 -
1020 3281 1110 3342 radice,
1122 3299 1145 3332 e.
1163 3279 1261 3341 radicis,

143 3347 228 3463 mid.
247 3389 278 3397 -
299 3365 378 3412 paene
376 3347 462 3477 stoicae,
474 3350 563 3400 Dalcc.
576 3351 607 3399 R.
628 3347 765 3412 paenaleae,
778 3345 807 3398 θ.
827 3347 945 3412 petralene,
957 3349 1041 3399 VTd.
1061 3347 1151 3412 penelc,
1164 3365 1186 3398 a.
1201 3365 1260 3412 pen-

159 3414 296 3468 siacodd.
309 3416 365 3467 Gal.
399 3453 405 3465 .

177 3481 245 3541 §aa
265 3481 381 3547 legitimis,
394 3486 464 3534 11²0.
483 3524 514 3533 -
532 3483 643 3545 siccam,
655 3486 699 3535 3¹.
719 3524 749 3532 ..
769 3483 911 3547 incipientes,
924 3487 960 3535 αἱ.
985 3525 1015 3534 -
1040 3484 1122 3545 ranei,
1139 3476 1260 3533 0VR¹d

144 3547 248 3610 ramulis,
260 3547 377 3615 amar.
402 3591 423 3600 -
482 3551 505 3613 ¹,
523 3553 597 3601 codd.
612 3552 668 3603 Gel.
682 3551 738 3614 fici,
750 3552 834 3602 VBd.
844 3551 891 3614 fia,
907 3569 924 3603 a
939 3551 1055 3616 (reliquis
1071 3548 1209 3612 abscissis).
1228 3591 1259 3600 ..

143 3614 222 3672 hina
246 3658 277 3667 ..
301 3627 411 3678 ecrescat,
448 3655 454 3668 .
479 3660 510 3668 ..
533 3629 619 3682 auam,
636 3621 711 3670 Rad.
733 3628 777 3670 aar
793 3635 813 3680 e,
829 3620 863 3668 V.
891 3661 922 3669 -
966 3621 972 3632 '
1018 3617 1043 3680 b',
1059 3622 1090 3670 R.
1110 3660 1141 3668 -
1170 3617 1261 3678 totiens,

142 3684 240 3734 VR'd.
258 3684 328 3734 etiam
341 3682 560 3752 wtiens,R²assr.
583 3729 614 3737 -
637 3686 742 3751 quoda.
760 3729 791 3738 ...
811 3685 923 3749 lacau.
941 3703 970 3736 ea
1021 3686 1150 3749 tavae.
1169 3728 1200 3735 -
1220 3701 1260 3734 cr·

142 3749 253 3814 ceperint,
265 3753 289 3802 d.

177 3820 191 3881 5
209 3822 250 3868 64.
272 3817 399 3884 collipitar,
415 3821 499 3872 VRd.
521 3821 600 3886 collip,
614 3839 637 3874 a.
663 3825 726 3874 Post
745 3824 791 3873 has
813 3823 925 3887 syllabas
940 3824 967 3873 in
981 3823 1068 3871 codice
1084 3822 1262 3872 aaxddernnt

141 3887 218 3935 rerba
233 3903 314 3950 usque
331 3891 363 3937 ad
379 3891 393 3952 5
411 3895 451 3939 84.
479 3887 618 3952 chamepilb
633 3889 729 3950 simeln,
749 3892 840 3954 quibus
855 3899 927 3941 vetus
944 3904 1025 3953 caque
1042 3890 1155 3953 aequalis
1171 3903 1261 3939 manus

142 3954 286 4018 adscripsit:
305 3953 365 4014 „boc
378 3953 394 4005 ἑ
410 3954 440 4003 de
450 3956 513 4007 XX
518 3955 561 4008 VI.
574 3955 633 4006 labro
640 3957 747 4020 pisenti.''
765 3999 794 4007 ..
814 3964 836 4006 et
847 3972 867 4016 e,
879 3958 953 4007 VR²
964 3955 1050 4018 (codd.
1063 3955 1133 4018 Gel.)
1151 3965 1181 4018 et,
1192 3958 1259 4007 R'd.

144 4061 175 4068 -
193 4021 390 4082 minas,VR¹d.
408 4020 559 4079 domasse
578 4065 609 4073 -
631 4022 763 4084 EatetR.
780 4022 834 4085 Eat,
853 4025 929 4089 Vdr.
952 4065 983 4073 -
1006 4024 1202 4083 nsacnm,R²d.
1219 4040 1259 4072 sa-

142 4103 201 4150 cam,
213 4089 289 4139 VR¹.
308 4130 339 4139 ..
358 4087 483 4150 demetam,
494 4091 528 4140 V.
547 4088 646 4151 decocto,
661 4085 741 4143 ORd.
759 4133 791 4142 ..
808 4089 938 4151 calcantur,
949 4092 983 4141 V.
997 4132 1028 4142 -
1040 4090 1138 4153 radicis,
1151 4095 1175 4142 d.
1193 4090 1261 4142 radi·

142 4169 188 4215 ces,
200 4156 255 4208 VR
267 4155 353 4219 (codd.
366 4154 435 4217 Gel.)
455 4196 482 4205 ..
504 4156 588 4218 caino,
600 4159 642 4208 12²
654 4157 743 4222 (codd.
755 4156 826 4218 Gal.)
844 4159 904 4222 vino,
917 4159 1015 4212 VR¹d.
1033 4201 1063 4210 ..
1079 4168 1175 4226 pnrqet,
1187 4161 1259 4210 Rdr.

139 4232 249 4288 parpent,
261 4219 344 4288 Vssr.
362 4265 393 4274 -
413 4225 555 4286 vomitiones,
567 4225 650 4278 VRd.
1040 4294 1058 4327 ι
