2918 4800
207 307 269 373 110
557 322 760 370 unwanus
783 321 977 369 mesonma

204 485 319 543 vooant
350 473 526 540 blanditam
555 473 616 539 sibi
643 463 799 560 adspeetu
825 472 930 559 pridie
956 472 990 537 in
1022 472 1157 537 buteeto
1188 471 1327 538 mitteret

204 578 270 644 lilio
298 576 470 643 bibendam
477 600 486 652 3
515 574 548 639 in
569 574 748 640 Laeetania
775 597 827 640 res
853 574 1026 663 gerebatur
1047 573 1227 659 Hispaniae
1248 595 1325 660 pro·

204 702 301 745 xume
325 689 428 765 parte,
456 698 595 761 casuque
622 676 738 741 aooidit
766 687 802 743 ut
827 676 927 742 milite
949 699 969 740 a
990 698 1100 742 morsu
1127 676 1215 742 oanis
1242 676 1325 742 inei-

203 782 311 868 pients
333 801 548 866 expaveeoere
569 800 669 863 squas
692 777 911 864 superveniret
925 778 1063 863 epistula
1081 778 1202 844 orantis
1214 789 1253 844 ut
1266 800 1325 864 pa-

203 895 289 950 reret
303 880 463 970 religioni,
486 891 697 964 servatusque
712 890 762 944 est
776 902 815 944 ex
829 879 991 964 insperato
1007 889 1039 944 et
1053 890 1166 965 postsa
1180 880 1326 964 quisquis

203 984 360 1050 auxilium
383 978 483 1048 simile
505 980 682 1067 temptavit.
704 979 797 1046 Alias
811 981 898 1067 apud
912 991 1060 1047 auctores
1074 981 1248 1067 oynorrodi
1261 1005 1326 1047 una
1341 998 1371 1042 rs

203 1085 362 1151 medisina
382 1092 451 1148 erat
480 1082 673 1170 spongeolae
701 1102 784 1166 quae
812 1082 846 1146 in
868 1083 984 1148 mediis
1006 1082 1107 1168 spinis
1128 1083 1199 1148 eius
1219 1083 1324 1148 nasei-

202 1198 257 1252 tur
275 1185 384 1251 ninere
406 1204 478 1248 earm
499 1183 592 1248 melle
613 1184 773 1268 alopecias
788 1183 901 1269 capitis
916 1184 1048 1270 expleri.
1069 1183 1109 1248 In
1123 1184 1235 1249 eadem
1248 1205 1325 1270 pro·

203 1288 310 1353 vineis
331 1284 467 1374 cognovi
488 1285 522 1348 in
542 1307 621 1372 agro
642 1285 778 1371 hospitis
799 1309 904 1371 nuper
930 1284 976 1349 ibi
1002 1296 1166 1372 repertum
1187 1286 1325 1351 dracun-

202 1389 310 1454 culum
324 1386 519 1473 appellatum
533 1388 656 1452 saulem
676 1387 821 1473 pollioari
836 1387 1057 1467 crassitudine,
1079 1387 1325 1453 versicoloribus

203 1491 387 1577 viperarum
413 1487 560 1566 maculis,
593 1509 688 1572 quem
716 1487 861 1552 ferebant
889 1497 999 1552 eontra
1028 1489 1170 1554 omnium
1199 1511 1326 1553 morsus

202 1614 274 1658 esse
295 1589 447 1667 remedio,
474 1589 573 1654 alium
595 1610 691 1674 quam
713 1611 793 1673 quos
814 1589 975 1673 inpriore
998 1590 1159 1655 volumine
1181 1590 1326 1656 eiusdem

203 1692 341 1759 nominis
362 1691 520 1767 diximus3
552 1691 610 1755 sed
630 1690 707 1756 huie
728 1691 791 1754 alia
810 1689 927 1778 figura,
949 1689 1037 1755 aliud
1058 1691 1245 1757 miraeulum
1267 1713 1324 1755 ex·
1340 1705 1371 1750 19

204 1793 322 1858 serenti
349 1802 490 1857 aeterra
512 1793 553 1856 ad
579 1793 702 1878 primas
730 1791 929 1878 serpentium
958 1793 1161 1858 vernationes
1182 1791 1325 1878 bipedali

202 1895 270 1961 fere
296 1893 464 1959 altitudine
491 1914 670 1978 rursusque
698 1915 773 1959 eum
798 1893 913 1958 iisdem
940 1893 975 1958 in
1008 1904 1126 1958 terram
1158 1894 1324 1970 condenti3

202 2018 262 2062 neo
289 1995 418 2061 omnino
444 1995 602 2060 oeeultato
629 2016 667 2061 eo
695 1995 830 2079 adparet
857 2015 1006 2080 serpens,
1039 1995 1092 2060 vel
1118 1995 1180 2060 hoe
1204 2016 1263 2082 per
1288 2016 1325 2060 se

204 2097 282 2163 setis
304 2097 443 2164 offioioso
463 2107 599 2161 naturae
620 2118 764 2174 munere,
789 2095 819 2160 si
847 2106 971 2160 tantum
997 2106 1222 2180 praemoneret
1241 2105 1324 2160 tem-

201 2222 326 2286 pusque
348 2197 527 2263 formidinis
550 2198 791 2264 demonstraret.
1285 2244 1291 2257 .

244 2299 307 2365 111.
334 2299 403 2364 Nee
428 2299 603 2364 bestiarum
630 2299 733 2365 solum
758 2299 801 2363 ad
826 2298 1006 2367 nooendum
1029 2298 1150 2363 seelera
1171 2307 1246 2363 sunt
1267 2295 1325 2361 sed
1338 2312 1371 2357 ao

203 2400 331 2466 interim
352 2420 508 2484 aquarum
522 2420 650 2484 quoque
664 2423 703 2466 ao
717 2401 867 2467 loentum.
889 2399 928 2464 In
945 2397 1121 2466 Germania
1135 2409 1223 2467 nans
1236 2397 1324 2464 Rhe·

239 2606 383 2669 blaaditan,
401 2607 471 2658 Vad
487 2604 573 2668 (codd.
590 2605 661 2671 eet)
688 2606 841 2669 eblanditum,
860 2609 934 2659 eodd.
949 2608 1065 2659 Barbari.
1090 2604 1219 2669 blanditae,
1235 2607 1270 2657 Κ.
1293 2646 1325 2657 .-

197 2675 316 2739 frateeto,
332 2678 370 2726 ad
387 2671 473 2736 (codd.
492 2673 561 2738 Gal.)
582 2676 703 2739 frutecta,
720 2676 753 2726 V.
772 2676 876 2740 fruteto,
888 2677 963 2726 codd.
973 2676 1088 2727 Barbari.
1107 2714 1139 2725 -
1157 2675 1257 2724 mitteret
1266 2672 1326 2737 filio

205 2738 341 2804 bibendam,
356 2744 427 2793 Vad
443 2740 530 2804 (codd.
548 2740 618 2805 Gal.)
643 2742 745 2792 mitteret
760 2741 851 2805 atfilio
867 2740 978 2805 bibenda,
993 2760 1013 2793 r.
1037 2784 1069 2793 ...
1095 2741 1120 2791 in
1136 2740 1273 2791 mortania
1288 2757 1327 2790 res

203 2810 336 2873 parebatur,
347 2824 365 2859 a
377 2809 464 2871 (codd.
477 2809 547 2874 Get.)
563 2810 589 2860 in
604 2809 740 2861 Lanatam
754 2811 889 2876 perebatrn,
904 2812 929 2860 d.
951 2810 977 2859 in
992 2809 1129 2861 saracena
1142 2810 1275 2874 parebatur.
1290 2808 1325 2861 V.

205 2877 231 2925 in
247 2874 309 2925 lacn
324 2875 431 2927 daretur.
462 2876 535 2929 Talia
554 2880 696 2944 parabantur
710 2879 736 2928 in
750 2877 898 2942 Hispaniae,
913 2895 934 2929 r.
960 2877 1102 2939 Lusitania,
1118 2878 1151 2929 Κ.
1174 2918 1206 2929 ...
1232 2876 1325 2940 Hispa-

204 2958 257 3004 nae,
268 2944 303 2993 V.
323 2984 354 2994 ..
372 2941 471 3005 aceedit,
481 2945 516 2994 V.
534 2987 566 2994 -
585 2962 737 3010 expavescere
752 2963 839 3010 aquas,
850 2946 927 2996 Vad.
954 2961 1032 3010 aquas
1048 2960 1207 3009 expavescere,
1223 2939 1275 3009 βγ.
1292 2954 1324 2994 .“.

205 3018 228 3060 et
239 3009 346 3076 epistola,
358 3027 381 3061 a.
400 3053 432 3060 -
450 3010 571 3077 relepioni,
582 3014 616 3064 V.
629 3056 660 3063 -
680 3013 805 3078 inspirato,
815 3014 850 3064 V.

239 3108 253 3169 5
268 3109 307 3155 18.
330 3100 462 3168 qninerodi,
474 3105 521 3155 V¹.
540 3147 572 3154 -
589 3104 673 3169 spinis,
684 3107 760 3157 Vad.
783 3106 864 3167 ramis,
876 3107 910 3156 Κ.
931 3147 958 3156 ..
985 3121 1056 3168 qaam
1064 3105 1186 3167 serebant,
1198 3104 1274 3155 Vad.
1293 3144 1325 3153 ..

203 3180 287 3223 sonna
297 3171 437 3238 serpentum
450 3172 560 3234 ommam,
572 3173 605 3223 Κ.
624 3215 656 3222 -
673 3172 782 3234 remedio,
794 3174 907 3225 Gronov.
929 3172 1042 3236 remedia,
1054 3175 1129 3224 Vad.
1150 3169 1285 3233 remediaret,
1295 3166 1326 3233 β.

204 3280 237 3290 -
259 3239 333 3290 aliam
351 3256 421 3303 qnam
438 3254 504 3304 qnos,
521 3240 597 3290 Vad.
627 3239 700 3290 aliam
716 3257 787 3305 qnam
802 3240 873 3304 qnod,
891 3243 922 3292 T.
951 3240 1015 3291 alins
1031 3248 1066 3289 est
1082 3255 1153 3305 qnam
1170 3256 1236 3305 qnos,
1253 3240 1326 3289 codd.

205 3307 262 3361 Gal.
273 3304 303 3371 β
322 3349 354 3359 ..
370 3306 459 3372 priore,
470 3309 504 3359 V.
518 3306 606 3372 priori,
618 3303 710 3373 adssr.
729 3349 760 3359 ..
778 3307 880 3358 &imas
892 3316 933 3372 24,
947 3314 995 3360 143
1008 3323 1078 3373 seqq.

238 3403 307 3465 519.
324 3399 386 3461 baie,
399 3417 421 3451 s.
440 3399 490 3462 bor,
502 3401 559 3452 Vd.
578 3441 609 3450 ..
627 3398 703 3460 alind,
715 3400 790 3451 vau
807 3399 927 3465 aliudque,
938 3397 989 3466 βγ.
1008 3442 1040 3453 ..
1058 3398 1175 3450 amentis
1185 3415 1205 3462 e,
1217 3415 1241 3450 s.
1260 3415 1326 3449 eaer-

204 3468 376 3528 eentisan.
403 3467 529 3517 asserentis
541 3483 573 3529 se,
589 3470 665 3519 eodd.
677 3467 734 3519 Gal.
746 3463 797 3532 βγ.
823 3468 928 3517 menn&
939 3482 959 3528 e,
971 3486 991 3518 r.
1009 3509 1042 3519 ..
1065 3468 1275 3530 madianeavd.
1294 3506 1326 3517 ..

205 3534 286 3597 aden,
298 3536 332 3587 V.
355 3576 387 3586 ..
409 3533 524 3597 madenti
536 3537 611 3586 Vsd.
638 3533 766 3594 aandartis,
783 3537 857 3587 codd.
870 3536 927 3588 Gal.
943 3531 994 3600 βγ.
1013 3576 1045 3586 -
1068 3552 1102 3598 eo,
1118 3539 1163 3587 sd.
1186 3535 1278 3600 qnav
1293 3549 1327 3585 ex

205 3605 353 3655 mutatione.
370 3644 402 3653 ..
422 3610 559 3667 appareret,
570 3604 646 3654 Vad.
665 3642 697 3653 ..
714 3601 782 3664 sata,
794 3603 872 3653 Vsd.
889 3620 909 3665 s,
922 3603 1020 3655 sessor.
1037 3644 1070 3653 ..
1079 3605 1177 3667 funere,
1191 3620 1214 3654 a.

240 3706 308 3767 520.
326 3702 427 3764 intenta
439 3705 486 3754 Vs
497 3700 618 3766 (Sessar.)
636 3703 725 3755 Omitt
737 3703 791 3753 Td.
811 3744 842 3752 -
860 3703 961 3766 Raram,
973 3702 1007 3754 V.
1026 3744 1058 3753 -
1076 3711 1165 3766 casua,
1177 3703 1275 3757 Sessar.
1295 3743 1325 3751 -

205 3769 493 3835 quapota,a(Sessor.)
519 3778 641 3834 qaopota,
654 3771 688 3821 V.
714 3773 868 3835 propone.
891 3811 922 3821 ..
946 3786 1016 3835 pena,
1032 3771 1130 3823 Sessar.
1147 3812 1180 3821 ..
1206 3778 1326 3834 nomaqa·

206 3886 254 3932 cen,
266 3871 300 3921 V.
319 3911 350 3920 -
369 3870 520 3932 scelotarben,
532 3871 565 3920 V.
588 3869 736 3932 scelotnrbin‚
749 3872 773 3921 d.
793 3869 942 3933 sceietnrben,
954 3873 1053 3924 Sessor.
1071 3849 1226 3935 (saelobrbsn
1238 3885 1327 3922 seeun-

207 3939 267 3987 dum
278 3937 412 4000 Keilinnr).
434 3937 584 3999 seelstorben,
594 3953 618 3988 s.
640 3936 788 4002 scelotyrben,
800 3940 874 3990 codd.
887 3939 945 3991 Gal.
957 3935 986 4001 β.
1006 3980 1037 3989 ..
1055 3939 1275 4004 &pertusensem
1295 3980 1326 3987 -

205 4003 350 4069 appellatur,
366 3999 458 4056 ditas
471 4003 595 4068 (Sessar.)
613 4014 717 4066 necata,
730 4001 780 4070 βγ.
800 4047 831 4056 -
849 4005 976 4070 Brittann,
986 4007 1086 4061 Sessar.
1099 4048 1131 4058 ..
1149 4007 1231 4069 naara,
1242 4008 1275 4058 V.
1294 4047 1326 4057 .-

206 4079 230 4121 et
240 4081 322 4122 contra
332 4080 458 4137 serpentes,
474 4066 606 4123 avrea
624 4081 782 4137 strepentes,
793 4069 822 4135 β
1125 4110 1130 4117 -

234 4160 299 4222 §aL
312 4167 362 4219 ete,
372 4151 453 4208 OVd.
465 4164 488 4206 et
496 4173 533 4217 ea,
542 4153 610 4223 asty.
618 4200 648 4208 ..
659 4174 751 4208 securos
759 4158 785 4207 in
794 4159 935 4221 totnm,Vd.
948 4159 972 4208 in
981 4174 1076 4210 esaim
1085 4167 1230 4221 totana.-
1240 4158 1328 4222 reddit,

207 4228 289 4276 omitt.
302 4225 378 4274 Vad.
397 4265 429 4274 ..
448 4223 526 4274 dlisii
537 4241 595 4289 qens
607 4233 653 4274 mm
662 4225 721 4290 fida
733 4226 757 4275 in
769 4241 826 4288 qna,
842 4227 981 4277 Hermann.
993 4229 1020 4276 in
1031 4228 1147 4277 vinacia
1158 4227 1328 4277 Iuvenalianis

207 4293 346 4356 Gottingae
358 4309 380 4342 a.
393 4297 466 4343 1854.
479 4292 551 4343 editis
563 4308 588 4356 p.
599 4300 622 4343 t.
637 4290 1044 4352 DISOJENSTVMIIDAINQ
1050 4293 1210 4357 VA,Sessor.
1228 4292 1294 4342 dida
1302 4292 1327 4342 in
