2918 4800
202 283 264 346 374
556 301 760 346 varunnam
783 302 979 347 Hrsroama

202 452 367 518 caoissime
394 461 500 516 autem
527 451 725 540 ferrugineas
750 452 891 517 maculas
919 451 1089 531 habentes,
1117 455 1204 520 liniis
1231 456 1330 522 etiam

202 578 260 641 per
282 554 416 620 caudam
438 554 591 620 distincti.
613 553 791 640 Millepeda
804 554 846 619 ab
862 555 933 621 aliis
955 555 1126 642 centipeda
1147 568 1203 621 aut
1216 559 1328 624 multi-

201 657 287 742 peda
317 656 403 721 dicta
435 656 553 720 animal
581 668 630 721 est
658 679 675 721 e
702 656 865 722 vermibus
893 667 997 722 terrae
1029 658 1183 743 pilosum,
1218 659 1329 726 multis

202 759 339 844 pedibus
365 759 521 824 arcuatim
553 781 670 844 repens
702 769 854 842 tactuque
887 757 1078 825 contrahens
1111 783 1163 838 se3
1197 761 1330 827 oniscon

204 858 326 927 Graeci
346 871 473 939 vocant,
497 861 550 924 alii
572 860 680 945 tylon3
710 859 873 926 efficacem
898 871 1031 924 narrant
1057 861 1099 925 ad
1121 861 1249 927 aurium
1270 863 1331 929 do·

202 961 285 1027 lorcs
306 961 340 1025 in
362 963 482 1028 cortice
503 960 613 1048 punici
634 961 710 1026 mali
732 961 900 1027 decoctum
922 972 954 1026 et
976 962 1063 1047 porri
1079 984 1174 1040 suco;
1202 964 1329 1030 addunt

203 1074 235 1129 et
262 1085 429 1129 rosaceum
455 1076 488 1129 et
515 1063 549 1126 iu
576 1063 708 1127 alteram
735 1085 844 1127 aurem
873 1062 1059 1127 infundunt.
1101 1062 1195 1128 Illam
1220 1073 1329 1130 autem
1347 1081 1395 1130 1³⁷

203 1188 286 1251 quae
315 1189 380 1231 non
408 1177 559 1230 arcuatur
588 1187 668 1249 sepa
690 1163 809 1230 Graeci
837 1176 964 1243 vocant,
992 1163 1046 1231 alii
1075 1165 1331 1253 scolopendram,

203 1267 359 1332 minorem
374 1267 659 1352 perniciosamque.
695 1264 830 1332 Cocleae
843 1287 926 1350 quae
942 1276 1017 1333 aunt
1037 1266 1072 1330 in
1093 1289 1156 1333 usu
1170 1266 1233 1333 cibi
1255 1289 1331 1332 oum

175 1424 178 1431 .
203 1391 313 1433 murra
334 1378 391 1432 aut
417 1367 498 1433 turis
524 1367 644 1453 polline
670 1366 848 1454 adpositae,
876 1367 952 1433 item
979 1367 1123 1433 minutae
1149 1369 1233 1433 latae
1262 1369 1331 1433 fra·

204 1470 305 1535 cturis
326 1469 452 1535 aurium
472 1469 651 1535 inlinuntur
665 1491 738 1534 cum
753 1468 853 1534 melle.
877 1466 1034 1536 Senectus
1050 1470 1248 1555 serpentium
1262 1471 1331 1536 ler-

204 1580 297 1637 vente
324 1581 408 1638 testa
433 1582 509 1637 usta
533 1571 707 1637 instillatur
731 1593 862 1637 rosaceo
888 1571 1049 1650 admixto,
1084 1582 1195 1638 contra
1224 1571 1333 1639 omnia

206 1673 336 1758 quidem
363 1674 442 1739 vitia
468 1674 581 1740 efficax
604 1674 663 1739 sed
685 1684 795 1738 contra
819 1673 1071 1759 graveolentiam
1092 1673 1277 1761 praecipue,
1299 1685 1333 1739 et

205 1776 234 1840 si
262 1775 432 1860 purulenta
459 1777 537 1854 sint,
573 1799 615 1841 ex
642 1786 749 1853 aceto,
781 1776 896 1842 melius
924 1799 997 1841 cum
1024 1776 1097 1842 felle
1123 1776 1254 1862 caprino
1280 1777 1334 1843 vel

205 1878 327 1944 bubulo
350 1888 407 1943 aut
428 1877 599 1945 testudinis
620 1878 771 1942 marinae.
800 1877 969 1943 Vetustior
991 1899 1074 1944 anno
1097 1878 1211 1943 eadem
1231 1898 1333 1941 mem·
1351 1897 1400 1966 ree

205 1980 306 2046 brana
319 2003 384 2052 non
397 1981 531 2067 prodest
545 2003 604 2045 nec
618 1979 722 2045 imbre
736 1979 876 2066 perlusa,
898 1990 935 2044 ut
948 1979 1048 2063 aliqui
1062 1989 1187 2066 putant.
1208 1978 1334 2043 Aranei

207 2082 313 2148 sanies
335 2106 407 2148 cum
429 2105 560 2149 rosaceo
582 2093 638 2146 aut
659 2104 719 2166 per
741 2083 831 2153 scrin
852 2083 926 2146 lana
940 2082 991 2147 vel
1006 2105 1079 2147 oum
1093 2104 1185 2147 croco
1199 2081 1334 2147 auribus

102 2243 109 2251 .
206 2186 348 2271 prodest,
370 2185 495 2272 gryllus
516 2207 591 2251 cum
614 2207 673 2249 sua
695 2196 783 2248 terra
804 2184 942 2248 effossus
965 2193 997 2248 et
1017 2183 1138 2249 inlitus.
1174 2183 1334 2270 Magnam

206 2287 429 2353 auctoritatem
450 2287 525 2354 huic
546 2285 675 2351 animali
697 2285 845 2372 perbibet
865 2284 1028 2371 Nigidius,
1056 2286 1209 2350 maiorem
1230 2286 1333 2372 magi,

206 2388 358 2474 quoniam
380 2399 466 2453 retro
488 2389 629 2453 ambulet
651 2398 831 2471 terramque
849 2388 996 2453 terebret
1021 2385 1143 2452 Stridet
1163 2385 1332 2465 noctibus;

207 2501 364 2555 venantur
385 2512 459 2556 eum
480 2489 611 2556 formica
633 2489 854 2576 circumligata
876 2489 988 2576 capillo
1010 2491 1044 2554 iu
1067 2512 1239 2555 cavernam
1259 2490 1332 2555 eiua

207 2591 359 2668 coniecta,
387 2589 494 2655 efflato
520 2593 611 2676 prius
633 2590 765 2677 pulvere
787 2613 828 2655 ne
851 2613 921 2656 sese
949 2591 1081 2669 condat;
1111 2591 1157 2655 ita
1180 2591 1334 2657 formicae

207 2691 366 2778 conplexu
387 2691 572 2757 extrahitur.
610 2691 745 2758 Ventris
767 2693 1016 2779 gallinaceorum
1041 2691 1228 2758 membrana
1249 2713 1334 2776 quae
1352 2713 1402 2758 rae

207 2792 290 2858 abici
313 2794 393 2860 solet
414 2794 592 2860 inveterata
613 2795 700 2859 etin
720 2794 796 2860 vino
824 2794 899 2859 trita
920 2793 1055 2860 auribus
1077 2790 1256 2879 purulentis
1277 2814 1335 2858 ca·

242 2997 343 3049 caudam
361 3000 480 3060 distinete,
493 3003 517 3052 d.
539 3001 623 3051 caudis
639 3002 737 3064 tinctae,
751 3003 812 3052 VR.
832 3044 862 3052 ,
881 3000 1040 3065 Millipaedu,
1052 3004 1101 3052 R‘2.
1123 3000 1257 3065 Milipeda‚
1276 3002 1334 3050 Vd.

208 3067 349 3132 lumbardi,
366 3071 411 3120 R1.
429 3111 461 3120 ..
485 3071 516 3118 ab
534 3068 771 3134 aliia-multipeda,
788 3071 837 3120 R².
857 3071 946 3124 Omitt.
963 3071 1060 3121 VR¹d.
1079 3110 1110 3119 ..
1128 3069 1258 3129 arcuatim,
1278 3070 1335 3120 Rd.

599 3131 628 3189 ⁰·
646 3138 841 3256 error
853 3135 1335 3268 aereaere-arra

208 3202 332 3335 illicinae}
346 3206 671 3338 -inglefcsscgmczpnrpass
692 3316 722 3324 ..
741 3244 837 3337 cortici:
846 3275 879 3324 R.
896 3315 929 3327 ...
945 3243 1030 3338 panici
1043 3271 1113 3335 mali,
1130 3274 1163 3324 V.
1184 3272 1269 3337 punici
1283 3289 1336 3321 ma-

209 3339 265 3401 lam,
277 3341 308 3391 R.
326 3341 387 3431 mali
398 3342 488 3422 punici,
501 3345 554 3394 Τὰ.
575 3384 606 3392 -
625 3351 648 3392 at
660 3341 731 3422 porri
744 3359 825 3460 rapplm
841 3343 946 3460 prpvhis
962 3358 1003 3392 vv.
1015 3344 1112 3393 habeut
1128 3340 1175 3390 mel
1186 3340 1257 3405 porri
1266 3357 1338 3391 rucco

209 3409 616 3541 νξῗὲὲηθξῖὶιῒτςιῖιςὲθῗὶαῗῖᾗ
629 3410 818 3536 effnblblrbtur',
830 3426 885 3529 edd.
908 3447 1032 3541 crocatur,
1051 3479 1084 3528 V.
1108 3485 1233 3542 carpantur,
1253 3467 1283 3525 θ.
1304 3517 1336 3526 ..

209 3543 321 3593 maiorem
330 3545 541 3610 perniciosamque,
553 3549 587 3597 Κ.
606 3588 637 3596 -
659 3544 742 3606 coela,
754 3546 788 3596 V.
810 3544 930 3608 Quocliae,
946 3547 979 3596 R.
998 3587 1028 3596 -
1050 3544 1144 3609 pollini,
1157 3549 1201 3597 Ru
1216 3585 1247 3595 -
1260 3542 1336 3606 lotae,

208 3611 273 3663 VR.
292 3621 314 3661 et
327 3612 398 3692 latoe,
412 3617 427 3665 d
457 3629 482 3677 r.
502 3656 533 3664 -
552 3613 694 3695 instillatur,
703 3614 786 3691 Vild.
805 3612 915 3676 illinitur,
926 3630 947 3664 r.
961 3655 992 3664 ..
1011 3630 1101 3693 rorare,
1112 3614 1158 3663 13¹.
1171 3655 1203 3663 ..
1220 3610 1338 3691 admitto,

208 3678 402 3812 ldttlttt’
416 3680 922 3815 otnssprrtrrurlrat'ra
935 3675 1338 3814 &fraterrae

275 3819 285 3850 2

210 3812 344 3948 νξὶξῦγ.
359 3885 433 3934 imbre
449 3887 552 3950 perfusa
568 3894 600 3947 ut,
618 3886 672 3936 Rd.
695 3885 847 3950 interpam
862 3894 912 3948 aut,
924 3887 958 3936 V.
982 3927 1014 3937 ..
1033 3893 1129 3949 patant,
1141 3885 1224 3936 VRd.
1239 3891 1338 3948 patant.

209 3950 278 4012 Item,
290 3949 342 4019 βγ.
355 3994 386 4003 -
404 3953 534 4004 Aranei-
541 3970 616 4016 croco,
630 3969 680 4004 om.
694 3956 731 4005 (1¹.
749 3996 781 4005 ..
800 3953 899 4004 auribus
911 3953 1017 4018 prodest,
1029 3956 1063 4005 V.
1082 3954 1172 4005 Omitt.
1184 3955 1238 4005 Bd.
1257 3993 1289 4002 ..
1308 3969 1340 4003 aa

208 4018 309 4084 pryllua,
321 4022 353 4072 K.
373 4062 404 4071 ..
422 4021 519 4087 Mapno
535 4022 683 4081 amaritate,
698 4023 755 4073 vd.
775 4063 805 4072 ..
825 4020 925 4079 Sarda.
942 4016 971 4073 θ.
994 4022 1090 4083 stridat,
1108 4017 1233 4087 vaossr
1251 4022 1338 4072 adsu-

209 4089 309 4153 periora
319 4089 464 4141 relerentes.
479 4131 510 4141 ..
523 4098 646 4153 venantur,
656 4092 751 4142 VR²d
763 4090 849 4155 (codd.
863 4090 933 4154 Gal.)
946 4099 1053 4154 venatur,
1064 4091 1110 4141 R¹.
1120 4131 1151 4141 -
1162 4088 1338 4154 circumligarem,

212 4149 568 4276 ilgffissssiddmllm'
581 4161 655 4210 codd.
668 4159 724 4212 Gal.
737 4155 766 4221 β.
781 4202 810 4210 -
834 4159 916 4224 efflato
929 4160 1007 4223 priua,
1018 4162 1061 4211 R²
1076 4157 1165 4222 (codd.
1177 4155 1247 4220 (iel.)
1266 4157 1338 4222 efflo-

245 4260 332 4352 §ria
350 4262 447 4357 qaia,
460 4295 491 4344 a.
511 4295 599 4347 omia.
611 4298 666 4348 vs.
689 4339 717 4347 -
737 4305 766 4358 a,
780 4298 842 4348 vu.
860 4295 948 4359 aret,
960 4293 1010 4360 er.
1030 4296 1087 4348 om.
1101 4298 1125 4345 s.
1139 4337 1169 4345 -
1187 4292 1339 4358 paquara,
