<?xml version="1.0" encoding="UTF-8"?>
<!DOCTYPE html PUBLIC "-//W3C//DTD XHTML 1.0 Transitional//EN"
    "http://www.w3.org/TR/xhtml1/DTD/xhtml1-transitional.dtd">
<html xmlns="http://www.w3.org/1999/xhtml" xml:lang="en" lang="en">
 <head>
  <title>
</title>
<meta http-equiv="Content-Type" content="text/html;charset=utf-8" />
  <meta name='ocr-system' content='tesseract 3.04.00' />
  <meta name='ocr-capabilities' content='ocr_page ocr_carea ocr_par ocr_line ocrx_word'/>
</head>
<body>
  <div class='ocr_page' id='page_1' title='image "./cplinisecundina10plingoog_0272.png"; bbox 0 0 2918 4800; ppageno 0'>
   <div class='ocr_carea' id='block_1_1' title="bbox 443 310 1270 370">
    <p class='ocr_par' dir='ltr' id='par_1_1' title="bbox 443 310 1270 370">
     <span class='ocr_line' id='line_1_1' title="bbox 443 310 1270 370; baseline 0.004 -3"><span class='ocrx_word' id='word_1_1' title='bbox 443 325 658 370; x_wconf 79' lang='lat' dir='ltr'>nraxxvru.</span> <span class='ocrx_word' id='word_1_2' title='bbox 689 324 766 369; x_wconf 73' lang='lat' dir='ltr'>cur.</span> <span class='ocrx_word' id='word_1_3' title='bbox 783 325 819 368; x_wconf 85' lang='lat'>11.</span> <span class='ocrx_word' id='word_1_4' title='bbox 851 324 981 369; x_wconf 74' lang='lat' dir='ltr'>ssent.</span> <span class='ocrx_word' id='word_1_5' title='bbox 1213 310 1270 370; x_wconf 88' lang='grc'>261</span> 
     </span>
    </p>
   </div>
   <div class='ocr_carea' id='block_1_2' title="bbox 150 466 1318 2389">
    <p class='ocr_par' dir='ltr' id='par_1_2' title="bbox 150 466 1318 2389">
     <span class='ocr_line' id='line_1_2' title="bbox 154 466 1272 553; baseline -0.001 -13"><span class='ocrx_word' id='word_1_6' title='bbox 154 476 369 541; x_wconf 90' lang='lat' dir='ltr'>morabantur.</span> <span class='ocrx_word' id='word_1_7' title='bbox 392 466 474 538; x_wconf 85' lang='lat' dir='ltr'>Nam</span> <span class='ocrx_word' id='word_1_8' title='bbox 499 488 715 539; x_wconf 88' lang='lat' dir='ltr'>sternumento</span> <span class='ocrx_word' id='word_1_9' title='bbox 738 475 880 539; x_wconf 90' lang='lat' dir='ltr'>revocari</span> <span class='ocrx_word' id='word_1_10' title='bbox 902 475 1056 539; x_wconf 87' lang='lat' dir='ltr'>ferculum</span> <span class='ocrx_word' id='word_1_11' title='bbox 1079 497 1272 553; x_wconf 91' lang='lat' dir='ltr'>mensamve,</span> 
     </span>
     <span class='ocr_line' id='line_1_3' title="bbox 155 576 1274 660; baseline -0.002 -19"><span class='ocrx_word' id='word_1_12' title='bbox 155 577 181 641; x_wconf 92' lang='lat' dir='ltr'>si</span> <span class='ocrx_word' id='word_1_13' title='bbox 214 599 277 641; x_wconf 92' lang='lat' dir='ltr'>non</span> <span class='ocrx_word' id='word_1_14' title='bbox 311 586 422 659; x_wconf 88' lang='lat' dir='ltr'>postea</span> <span class='ocrx_word' id='word_1_15' title='bbox 455 588 605 660; x_wconf 83' lang='lat' dir='ltr'>gustetur</span> <span class='ocrx_word' id='word_1_16' title='bbox 637 577 774 660; x_wconf 88' lang='lat' dir='ltr'>aliquid,</span> <span class='ocrx_word' id='word_1_17' title='bbox 812 576 896 640; x_wconf 90' lang='lat' dir='ltr'>inter</span> <span class='ocrx_word' id='word_1_18' title='bbox 923 576 1009 639; x_wconf 87' lang='lat' dir='ltr'>diras</span> <span class='ocrx_word' id='word_1_19' title='bbox 1038 576 1188 653; x_wconf 89' lang='lat' dir='ltr'>habetur,</span> <span class='ocrx_word' id='word_1_20' title='bbox 1219 587 1274 641; x_wconf 87' lang='lat' dir='ltr'>aut</span> 
     </span>
     <span class='ocr_line' id='line_1_4' title="bbox 153 677 1318 763; baseline 0 -21"><span class='ocrx_word' id='word_1_21' title='bbox 153 677 281 742; x_wconf 90' lang='lat' dir='ltr'>omnino</span> <span class='ocrx_word' id='word_1_22' title='bbox 311 700 375 740; x_wconf 94' lang='lat' dir='ltr'>non</span> <span class='ocrx_word' id='word_1_23' title='bbox 404 699 484 741; x_wconf 88' lang='lat' dir='ltr'>esse.</span> <span class='ocrx_word' id='word_1_24' title='bbox 518 677 610 742; x_wconf 89' lang='lat' dir='ltr'>Haec</span> <span class='ocrx_word' id='word_1_25' title='bbox 632 678 800 742; x_wconf 81' lang='lat' dir='ltr'><strong>instituere</strong></span> <span class='ocrx_word' id='word_1_26' title='bbox 822 677 867 739; x_wconf 93' lang='lat' dir='ltr'>illi</span> <span class='ocrx_word' id='word_1_27' title='bbox 888 677 943 760; x_wconf 93' lang='lat' dir='ltr'>qui</span> <span class='ocrx_word' id='word_1_28' title='bbox 966 677 1113 742; x_wconf 91' lang='lat' dir='ltr'>omnibus</span> <span class='ocrx_word' id='word_1_29' title='bbox 1135 677 1273 763; x_wconf 82' lang='lat' dir='ltr'>negotiis</span> <span class='ocrx_word' id='word_1_30' title='bbox 1288 697 1318 742; x_wconf 82' lang='lat' dir='ltr'>at</span> 
     </span>
     <span class='ocr_line' id='line_1_5' title="bbox 153 778 1274 864; baseline -0.002 -21"><span class='ocrx_word' id='word_1_31' title='bbox 153 779 304 862; x_wconf 91' lang='lat' dir='ltr'>horisque</span> <span class='ocrx_word' id='word_1_32' title='bbox 332 779 488 843; x_wconf 89' lang='lat' dir='ltr'>interesse</span> <span class='ocrx_word' id='word_1_33' title='bbox 517 779 691 844; x_wconf 89' lang='lat' dir='ltr'>credebant</span> <span class='ocrx_word' id='word_1_34' title='bbox 718 780 809 857; x_wconf 89' lang='lat' dir='ltr'>deos,</span> <span class='ocrx_word' id='word_1_35' title='bbox 849 790 882 842; x_wconf 92' lang='lat' dir='ltr'>et</span> <span class='ocrx_word' id='word_1_36' title='bbox 908 778 981 843; x_wconf 91' lang='lat' dir='ltr'>ideo</span> <span class='ocrx_word' id='word_1_37' title='bbox 1008 779 1151 864; x_wconf 88' lang='lat' dir='ltr'>placatos</span> <span class='ocrx_word' id='word_1_38' title='bbox 1178 779 1274 842; x_wconf 88' lang='lat' dir='ltr'>etiam</span> 
     </span>
     <span class='ocr_line' id='line_1_6' title="bbox 154 879 1273 965; baseline -0.002 -21"><span class='ocrx_word' id='word_1_39' title='bbox 154 880 239 945; x_wconf 89' lang='lat' dir='ltr'>vitiis</span> <span class='ocrx_word' id='word_1_40' title='bbox 261 880 378 944; x_wconf 87' lang='lat' dir='ltr'>nostris</span> <span class='ocrx_word' id='word_1_41' title='bbox 400 880 608 963; x_wconf 89' lang='lat' dir='ltr'>reliquerunt.</span> <span class='ocrx_word' id='word_1_42' title='bbox 645 879 734 960; x_wconf 77' lang='lat' dir='ltr'>Quin</span> <span class='ocrx_word' id='word_1_43' title='bbox 758 894 789 944; x_wconf 92' lang='lat' dir='ltr'>et</span> <span class='ocrx_word' id='word_1_44' title='bbox 811 891 943 965; x_wconf 87' lang='lat' dir='ltr'>repente</span> <span class='ocrx_word' id='word_1_45' title='bbox 966 880 1173 944; x_wconf 83' lang='lat' dir='ltr'>conticiscere</span> <span class='ocrx_word' id='word_1_46' title='bbox 1196 901 1273 944; x_wconf 92' lang='lat' dir='ltr'>con-</span> 
     </span>
     <span class='ocr_line' id='line_1_7' title="bbox 153 981 1272 1067; baseline -0.002 -21"><span class='ocrx_word' id='word_1_47' title='bbox 153 982 274 1046; x_wconf 88' lang='lat' dir='ltr'>vivium</span> <span class='ocrx_word' id='word_1_48' title='bbox 296 982 483 1046; x_wconf 85' lang='lat' dir='ltr'>adnotatum</span> <span class='ocrx_word' id='word_1_49' title='bbox 505 992 637 1046; x_wconf 90' lang='lat' dir='ltr'>estnon</span> <span class='ocrx_word' id='word_1_50' title='bbox 660 982 722 1046; x_wconf 91' lang='lat' dir='ltr'>nisi</span> <span class='ocrx_word' id='word_1_51' title='bbox 744 983 778 1045; x_wconf 93' lang='lat' dir='ltr'>in</span> <span class='ocrx_word' id='word_1_52' title='bbox 799 982 870 1067; x_wconf 89' lang='lat' dir='ltr'>pari</span> <span class='ocrx_word' id='word_1_53' title='bbox 890 981 1107 1065; x_wconf 90' lang='lat' dir='ltr'>praesentium</span> <span class='ocrx_word' id='word_1_54' title='bbox 1128 1002 1272 1058; x_wconf 85' lang='lat' dir='ltr'>numere,</span> 
     </span>
     <span class='ocr_line' id='line_1_8' title="bbox 153 1081 1272 1168; baseline -0.001 -22"><span class='ocrx_word' id='word_1_55' title='bbox 153 1084 256 1167; x_wconf 91' lang='lat' dir='ltr'>iisque</span> <span class='ocrx_word' id='word_1_56' title='bbox 284 1084 386 1146; x_wconf 88' lang='lat' dir='ltr'>famae</span> <span class='ocrx_word' id='word_1_57' title='bbox 413 1081 504 1146; x_wconf 89' lang='lat' dir='ltr'>labor</span> <span class='ocrx_word' id='word_1_58' title='bbox 531 1094 579 1146; x_wconf 92' lang='lat' dir='ltr'>est</span> <span class='ocrx_word' id='word_1_59' title='bbox 615 1084 656 1146; x_wconf 92' lang='lat' dir='ltr'>ad</span> <span class='ocrx_word' id='word_1_60' title='bbox 690 1104 921 1166; x_wconf 91' lang='lat' dir='ltr'>quemcumque</span> <span class='ocrx_word' id='word_1_61' title='bbox 955 1105 1065 1147; x_wconf 90' lang='lat' dir='ltr'>eorum</span> <span class='ocrx_word' id='word_1_62' title='bbox 1098 1082 1272 1168; x_wconf 82' lang='lat' dir='ltr'>pertinens.</span> 
     </span>
     <span class='ocr_line' id='line_1_9' title="bbox 155 1182 1271 1270; baseline -0.002 -22"><span class='ocrx_word' id='word_1_63' title='bbox 155 1182 258 1248; x_wconf 87' lang='lat' dir='ltr'>Cibus</span> <span class='ocrx_word' id='word_1_64' title='bbox 280 1184 375 1247; x_wconf 88' lang='lat' dir='ltr'>etiam</span> <span class='ocrx_word' id='word_1_65' title='bbox 398 1207 415 1246; x_wconf 95' lang='lat' dir='ltr'>e</span> <span class='ocrx_word' id='word_1_66' title='bbox 437 1206 534 1247; x_wconf 90' lang='lat' dir='ltr'>manu</span> <span class='ocrx_word' id='word_1_67' title='bbox 556 1184 725 1270; x_wconf 90' lang='lat' dir='ltr'>prolapsus</span> <span class='ocrx_word' id='word_1_68' title='bbox 748 1184 944 1249; x_wconf 88' lang='lat' dir='ltr'>reddebatur</span> <span class='ocrx_word' id='word_1_69' title='bbox 966 1184 1076 1267; x_wconf 92' lang='lat' dir='ltr'>utique</span> <span class='ocrx_word' id='word_1_70' title='bbox 1100 1206 1271 1268; x_wconf 90' lang='lat' dir='ltr'>permen·</span> 
     </span>
     <span class='ocr_line' id='line_1_10' title="bbox 154 1283 1274 1367; baseline -0.002 -18"><span class='ocrx_word' id='word_1_71' title='bbox 154 1308 206 1349; x_wconf 89' lang='lat' dir='ltr'>sas</span> <span class='ocrx_word' id='word_1_72' title='bbox 228 1284 440 1367; x_wconf 81' lang='lat' dir='ltr'>vetabantque</span> <span class='ocrx_word' id='word_1_73' title='bbox 463 1285 690 1349; x_wconf 85' lang='lat' dir='ltr'>munditiarum</span> <span class='ocrx_word' id='word_1_74' title='bbox 712 1308 809 1349; x_wconf 88' lang='lat' dir='ltr'>causa</span> <span class='ocrx_word' id='word_1_75' title='bbox 831 1285 966 1361; x_wconf 82' lang='lat' dir='ltr'>deflare3</span> <span class='ocrx_word' id='word_1_76' title='bbox 994 1297 1026 1350; x_wconf 93' lang='lat' dir='ltr'>et</span> <span class='ocrx_word' id='word_1_77' title='bbox 1049 1296 1123 1349; x_wconf 91' lang='lat' dir='ltr'>suut</span> <span class='ocrx_word' id='word_1_78' title='bbox 1145 1283 1274 1348; x_wconf 90' lang='lat' dir='ltr'>condita</span> 
     </span>
     <span class='ocr_line' id='line_1_11' title="bbox 152 1386 1272 1476; baseline -0.001 -26"><span class='ocrx_word' id='word_1_79' title='bbox 152 1387 288 1474; x_wconf 86' lang='lat' dir='ltr'>auguria</span> <span class='ocrx_word' id='word_1_80' title='bbox 314 1386 393 1470; x_wconf 92' lang='lat' dir='ltr'>quid</span> <span class='ocrx_word' id='word_1_81' title='bbox 423 1386 564 1469; x_wconf 88' lang='lat' dir='ltr'>loquenti</span> <span class='ocrx_word' id='word_1_82' title='bbox 592 1386 787 1473; x_wconf 83' lang='lat' dir='ltr'>cogitantive</span> <span class='ocrx_word' id='word_1_83' title='bbox 815 1387 849 1451; x_wconf 91' lang='lat' dir='ltr'>id</span> <span class='ocrx_word' id='word_1_84' title='bbox 878 1386 1045 1464; x_wconf 85' lang='lat' dir='ltr'>acciderit3</span> <span class='ocrx_word' id='word_1_85' title='bbox 1075 1386 1160 1476; x_wconf 88' lang='lat' dir='ltr'>inter</span> <span class='ocrx_word' id='word_1_86' title='bbox 1181 1407 1272 1449; x_wconf 84' lang='lat' dir='ltr'>exse-</span> 
     </span>
     <span class='ocr_line' id='line_1_12' title="bbox 152 1487 1274 1573; baseline -0.002 -21"><span class='ocrx_word' id='word_1_87' title='bbox 152 1488 340 1562; x_wconf 88' lang='lat' dir='ltr'>cratissima,</span> <span class='ocrx_word' id='word_1_88' title='bbox 364 1487 391 1551; x_wconf 97' lang='lat' dir='ltr'>si</span> <span class='ocrx_word' id='word_1_89' title='bbox 413 1487 556 1572; x_wconf 91' lang='lat' dir='ltr'>pontifici</span> <span class='ocrx_word' id='word_1_90' title='bbox 579 1488 705 1552; x_wconf 89' lang='lat' dir='ltr'>accidat</span> <span class='ocrx_word' id='word_1_91' title='bbox 718 1487 806 1552; x_wconf 91' lang='lat' dir='ltr'>Ditis</span> <span class='ocrx_word' id='word_1_92' title='bbox 822 1510 920 1552; x_wconf 87' lang='lat' dir='ltr'>causa</span> <span class='ocrx_word' id='word_1_93' title='bbox 935 1488 1078 1573; x_wconf 89' lang='lat' dir='ltr'>epulanti</span> <span class='ocrx_word' id='word_1_94' title='bbox 1084 1512 1092 1563; x_wconf 86' lang='lat'><em>3</em></span> <span class='ocrx_word' id='word_1_95' title='bbox 1115 1488 1148 1550; x_wconf 95' lang='lat' dir='ltr'>in</span> <span class='ocrx_word' id='word_1_96' title='bbox 1163 1509 1274 1551; x_wconf 87' lang='lat' dir='ltr'>mensa</span> 
     </span>
     <span class='ocr_line' id='line_1_13' title="bbox 152 1589 1317 1674; baseline 0 -20"><span class='ocrx_word' id='word_1_97' title='bbox 152 1590 263 1673; x_wconf 89' lang='lat' dir='ltr'>utique</span> <span class='ocrx_word' id='word_1_98' title='bbox 277 1590 311 1653; x_wconf 90' lang='lat' dir='ltr'>id</span> <span class='ocrx_word' id='word_1_99' title='bbox 326 1590 438 1673; x_wconf 90' lang='lat' dir='ltr'>reponi</span> <span class='ocrx_word' id='word_1_100' title='bbox 454 1589 636 1672; x_wconf 90' lang='lat' dir='ltr'>adolerique</span> <span class='ocrx_word' id='word_1_101' title='bbox 651 1590 693 1653; x_wconf 90' lang='lat' dir='ltr'>ad</span> <span class='ocrx_word' id='word_1_102' title='bbox 713 1591 812 1654; x_wconf 89' lang='lat' dir='ltr'>larem</span> <span class='ocrx_word' id='word_1_103' title='bbox 832 1589 931 1674; x_wconf 90' lang='lat' dir='ltr'>piatio</span> <span class='ocrx_word' id='word_1_104' title='bbox 953 1601 1011 1654; x_wconf 88' lang='lat' dir='ltr'>est.</span> <span class='ocrx_word' id='word_1_105' title='bbox 1034 1589 1273 1654; x_wconf 85' lang='lat' dir='ltr'>Medicamenta</span> <span class='ocrx_word' id='word_1_106' title='bbox 1286 1610 1317 1654; x_wconf 83' lang='lat' dir='ltr'>ae</span> 
     </span>
     <span class='ocr_line' id='line_1_14' title="bbox 151 1691 1272 1778; baseline -0.002 -23"><span class='ocrx_word' id='word_1_107' title='bbox 151 1693 338 1778; x_wconf 91' lang='lat' dir='ltr'>priusquam</span> <span class='ocrx_word' id='word_1_108' title='bbox 361 1691 573 1756; x_wconf 85' lang='lat' dir='ltr'>adhibeantur</span> <span class='ocrx_word' id='word_1_109' title='bbox 594 1692 627 1755; x_wconf 89' lang='lat' dir='ltr'>in</span> <span class='ocrx_word' id='word_1_110' title='bbox 650 1714 760 1756; x_wconf 89' lang='lat' dir='ltr'>mensa</span> <span class='ocrx_word' id='word_1_111' title='bbox 779 1693 860 1756; x_wconf 84' lang='lat' dir='ltr'>forte</span> <span class='ocrx_word' id='word_1_112' title='bbox 881 1692 1026 1775; x_wconf 89' lang='lat' dir='ltr'>deposita</span> <span class='ocrx_word' id='word_1_113' title='bbox 1041 1702 1161 1776; x_wconf 86' lang='lat' dir='ltr'>negant</span> <span class='ocrx_word' id='word_1_114' title='bbox 1174 1691 1272 1775; x_wconf 92' lang='lat' dir='ltr'>prod-</span> 
     </span>
     <span class='ocr_line' id='line_1_15' title="bbox 151 1792 1272 1880; baseline -0.001 -24"><span class='ocrx_word' id='word_1_115' title='bbox 151 1815 232 1857; x_wconf 88' lang='lat' dir='ltr'>esse.</span> <span class='ocrx_word' id='word_1_116' title='bbox 257 1792 387 1880; x_wconf 87' lang='lat' dir='ltr'>Unguis</span> <span class='ocrx_word' id='word_1_117' title='bbox 411 1794 548 1858; x_wconf 91' lang='lat' dir='ltr'>resecari</span> <span class='ocrx_word' id='word_1_118' title='bbox 571 1793 724 1857; x_wconf 90' lang='lat' dir='ltr'>nundinis</span> <span class='ocrx_word' id='word_1_119' title='bbox 747 1792 901 1857; x_wconf 88' lang='lat' dir='ltr'>Romanis</span> <span class='ocrx_word' id='word_1_120' title='bbox 923 1793 1041 1858; x_wconf 87' lang='lat' dir='ltr'>tacenti</span> <span class='ocrx_word' id='word_1_121' title='bbox 1062 1805 1159 1875; x_wconf 88' lang='lat' dir='ltr'>atque</span> <span class='ocrx_word' id='word_1_122' title='bbox 1181 1817 1200 1855; x_wconf 86' lang='lat' dir='ltr'>a</span> <span class='ocrx_word' id='word_1_123' title='bbox 1222 1792 1272 1855; x_wconf 91' lang='lat' dir='ltr'>di·</span> 
     </span>
     <span class='ocr_line' id='line_1_16' title="bbox 151 1894 1271 1982; baseline 0.001 -25"><span class='ocrx_word' id='word_1_124' title='bbox 151 1894 219 1980; x_wconf 83' lang='lat' dir='ltr'>gito</span> <span class='ocrx_word' id='word_1_125' title='bbox 234 1894 339 1958; x_wconf 89' lang='lat' dir='ltr'>indice</span> <span class='ocrx_word' id='word_1_126' title='bbox 361 1896 534 1959; x_wconf 90' lang='lat' dir='ltr'>multorum</span> <span class='ocrx_word' id='word_1_127' title='bbox 556 1896 711 1981; x_wconf 90' lang='lat' dir='ltr'>pecuniae</span> <span class='ocrx_word' id='word_1_128' title='bbox 733 1895 917 1982; x_wconf 87' lang='lat' dir='ltr'>religiosum</span> <span class='ocrx_word' id='word_1_129' title='bbox 940 1908 999 1971; x_wconf 89' lang='lat' dir='ltr'>est,</span> <span class='ocrx_word' id='word_1_130' title='bbox 1023 1894 1172 1978; x_wconf 89' lang='lat' dir='ltr'>capillum</span> <span class='ocrx_word' id='word_1_131' title='bbox 1194 1917 1271 1958; x_wconf 91' lang='lat' dir='ltr'>vero</span> 
     </span>
     <span class='ocr_line' id='line_1_17' title="bbox 151 1995 1270 2081; baseline -0.002 -21"><span class='ocrx_word' id='word_1_132' title='bbox 151 2008 260 2060; x_wconf 89' lang='lat' dir='ltr'>contra</span> <span class='ocrx_word' id='word_1_133' title='bbox 281 1996 419 2061; x_wconf 91' lang='lat' dir='ltr'>defluvia</span> <span class='ocrx_word' id='word_1_134' title='bbox 441 2021 479 2061; x_wconf 90' lang='lat' dir='ltr'>ao</span> <span class='ocrx_word' id='word_1_135' title='bbox 501 1997 628 2061; x_wconf 91' lang='lat' dir='ltr'>dolores</span> <span class='ocrx_word' id='word_1_136' title='bbox 651 1997 765 2081; x_wconf 90' lang='lat' dir='ltr'>capitis</span> <span class='ocrx_word' id='word_1_137' title='bbox 783 2019 866 2060; x_wconf 86' lang='lat' dir='ltr'>xvrr.</span> <span class='ocrx_word' id='word_1_138' title='bbox 888 1996 964 2060; x_wconf 91' lang='lat' dir='ltr'>luna</span> <span class='ocrx_word' id='word_1_139' title='bbox 979 2007 1074 2079; x_wconf 90' lang='lat' dir='ltr'>atque</span> <span class='ocrx_word' id='word_1_140' title='bbox 1088 2018 1184 2059; x_wconf 84' lang='lat' dir='ltr'>xxrx.</span> <span class='ocrx_word' id='word_1_141' title='bbox 1206 1995 1270 2058; x_wconf 90' lang='lat' dir='ltr'>Pa-</span> 
     </span>
     <span class='ocr_line' id='line_1_18' title="bbox 150 2096 1271 2184; baseline 0.001 -24"><span class='ocrx_word' id='word_1_142' title='bbox 150 2120 235 2184; x_wconf 88' lang='lat' dir='ltr'>gana</span> <span class='ocrx_word' id='word_1_143' title='bbox 255 2098 327 2183; x_wconf 86' lang='lat' dir='ltr'>lege</span> <span class='ocrx_word' id='word_1_144' title='bbox 349 2098 382 2160; x_wconf 88' lang='lat' dir='ltr'>in</span> <span class='ocrx_word' id='word_1_145' title='bbox 405 2098 567 2182; x_wconf 87' lang='lat' dir='ltr'>plerisque</span> <span class='ocrx_word' id='word_1_146' title='bbox 589 2098 701 2162; x_wconf 90' lang='lat' dir='ltr'>Italiae</span> <span class='ocrx_word' id='word_1_147' title='bbox 729 2098 871 2183; x_wconf 88' lang='lat' dir='ltr'>praediis</span> <span class='ocrx_word' id='word_1_148' title='bbox 900 2111 1030 2162; x_wconf 90' lang='lat' dir='ltr'>cavetur</span> <span class='ocrx_word' id='word_1_149' title='bbox 1057 2120 1098 2162; x_wconf 94' lang='lat' dir='ltr'>ne</span> <span class='ocrx_word' id='word_1_150' title='bbox 1119 2096 1271 2161; x_wconf 89' lang='lat' dir='ltr'>mulieres</span> 
     </span>
     <span class='ocr_line' id='line_1_19' title="bbox 150 2197 1271 2283; baseline 0.001 -22"><span class='ocrx_word' id='word_1_151' title='bbox 150 2220 208 2283; x_wconf 91' lang='lat' dir='ltr'>per</span> <span class='ocrx_word' id='word_1_152' title='bbox 228 2197 344 2261; x_wconf 91' lang='lat' dir='ltr'>itinera</span> <span class='ocrx_word' id='word_1_153' title='bbox 366 2198 566 2263; x_wconf 87' lang='lat' dir='ltr'>ambulantes</span> <span class='ocrx_word' id='word_1_154' title='bbox 589 2210 760 2283; x_wconf 89' lang='lat' dir='ltr'>torqueant</span> <span class='ocrx_word' id='word_1_155' title='bbox 781 2199 869 2263; x_wconf 89' lang='lat' dir='ltr'>fusos</span> <span class='ocrx_word' id='word_1_156' title='bbox 898 2211 955 2263; x_wconf 91' lang='lat' dir='ltr'>aut</span> <span class='ocrx_word' id='word_1_157' title='bbox 976 2199 1105 2263; x_wconf 92' lang='lat' dir='ltr'>omnino</span> <span class='ocrx_word' id='word_1_158' title='bbox 1127 2197 1271 2263; x_wconf 91' lang='lat' dir='ltr'>detectos</span> 
     </span>
     <span class='ocr_line' id='line_1_20' title="bbox 150 2300 1270 2389; baseline 0.001 -26"><span class='ocrx_word' id='word_1_159' title='bbox 150 2301 443 2389; x_wconf 27' lang='lat' dir='ltr'>ferant,xquoniam</span> <span class='ocrx_word' id='word_1_160' title='bbox 465 2302 654 2366; x_wconf 86' lang='lat' dir='ltr'>adversetur</span> <span class='ocrx_word' id='word_1_161' title='bbox 676 2301 710 2364; x_wconf 91' lang='lat' dir='ltr'>id</span> <span class='ocrx_word' id='word_1_162' title='bbox 732 2302 874 2366; x_wconf 92' lang='lat' dir='ltr'>omnium</span> <span class='ocrx_word' id='word_1_163' title='bbox 897 2301 981 2386; x_wconf 87' lang='lat' dir='ltr'>spei,</span> <span class='ocrx_word' id='word_1_164' title='bbox 1008 2301 1181 2387; x_wconf 89' lang='lat' dir='ltr'>praecipue</span> <span class='ocrx_word' id='word_1_165' title='bbox 1202 2300 1270 2364; x_wconf 91' lang='lat' dir='ltr'>fru-</span> 
     </span>
    </p>
   </div>
   <div class='ocr_carea' id='block_1_3' title="bbox 148 2434 1272 2674">
    <p class='ocr_par' dir='ltr' id='par_1_3' title="bbox 148 2434 1272 2674">
     <span class='ocr_line' id='line_1_21' title="bbox 148 2434 1272 2542; baseline 0.004 -21"><span class='ocrx_word' id='word_1_166' title='bbox 148 2474 286 2538; x_wconf 85' lang='lat' dir='ltr'>propitiari,</span> <span class='ocrx_word' id='word_1_167' title='bbox 303 2479 326 2526; x_wconf 91' lang='lat' dir='ltr'>d.</span> <span class='ocrx_word' id='word_1_168' title='bbox 346 2517 377 2526; x_wconf 78' lang='grc'><strong>-</strong></span> <span class='ocrx_word' id='word_1_169' title='bbox 401 2475 518 2539; x_wconf 79' lang='lat' dir='ltr'>deutrum,</span> <span class='ocrx_word' id='word_1_170' title='bbox 535 2479 558 2527; x_wconf 93' lang='lat' dir='ltr'>d.</span> <span class='ocrx_word' id='word_1_171' title='bbox 586 2434 678 2539; x_wconf 74' lang='lat' dir='ltr'>distre,</span> <span class='ocrx_word' id='word_1_172' title='bbox 695 2480 728 2527; x_wconf 89' lang='lat' dir='ltr'>V.</span> <span class='ocrx_word' id='word_1_173' title='bbox 755 2477 883 2538; x_wconf 74' lang='lat' dir='ltr'>dexterum,</span> <span class='ocrx_word' id='word_1_174' title='bbox 901 2473 979 2542; x_wconf 67' lang='lat' dir='ltr'>asty.</span> <span class='ocrx_word' id='word_1_175' title='bbox 1004 2520 1034 2526; x_wconf 80' lang='lat'><em>-</em></span> <span class='ocrx_word' id='word_1_176' title='bbox 1059 2475 1204 2541; x_wconf 76' lang='lat' dir='ltr'>poppysmis,</span> <span class='ocrx_word' id='word_1_177' title='bbox 1217 2476 1272 2526; x_wconf 85' lang='lat' dir='ltr'>VR</span> 
     </span>
     <span class='ocr_line' id='line_1_22' title="bbox 151 2539 1270 2608; baseline 0.002 -17"><span class='ocrx_word' id='word_1_178' title='bbox 151 2539 215 2603; x_wconf 91' lang='lat' dir='ltr'>(duo</span> <span class='ocrx_word' id='word_1_179' title='bbox 233 2546 306 2593; x_wconf 84' lang='lat' dir='ltr'>codd.</span> <span class='ocrx_word' id='word_1_180' title='bbox 318 2547 426 2595; x_wconf 89' lang='lat' dir='ltr'>Medicci</span> <span class='ocrx_word' id='word_1_181' title='bbox 438 2549 505 2608; x_wconf 90' lang='lat' dir='ltr'>apud</span> <span class='ocrx_word' id='word_1_182' title='bbox 517 2547 636 2596; x_wconf 88' lang='lat' dir='ltr'>Politian.</span> <span class='ocrx_word' id='word_1_183' title='bbox 649 2546 753 2596; x_wconf 84' lang='lat' dir='ltr'>miscell.</span> <span class='ocrx_word' id='word_1_184' title='bbox 766 2553 806 2596; x_wconf 87' lang='grc'>32.</span> <span class='ocrx_word' id='word_1_185' title='bbox 820 2556 845 2596; x_wconf 91' lang='lat' dir='ltr'>ct</span> <span class='ocrx_word' id='word_1_186' title='bbox 857 2548 929 2596; x_wconf 86' lang='lat' dir='ltr'>codd.</span> <span class='ocrx_word' id='word_1_187' title='bbox 941 2544 1066 2608; x_wconf 86' lang='lat' dir='ltr'>Barbari).</span> <span class='ocrx_word' id='word_1_188' title='bbox 1087 2543 1233 2608; x_wconf 82' lang='lat' dir='ltr'>pompismis,</span> <span class='ocrx_word' id='word_1_189' title='bbox 1247 2545 1270 2593; x_wconf 93' lang='lat' dir='ltr'>d.</span> 
     </span>
     <span class='ocr_line' id='line_1_23' title="bbox 153 2611 483 2674; baseline 0.015 -17"><span class='ocrx_word' id='word_1_190' title='bbox 153 2651 183 2658; x_wconf 75' lang='grc'><strong>-</strong></span> <span class='ocrx_word' id='word_1_191' title='bbox 202 2611 304 2674; x_wconf 78' lang='lat' dir='ltr'>pontium</span> <span class='ocrx_word' id='word_1_192' title='bbox 317 2629 446 2674; x_wconf 83' lang='lat' dir='ltr'>consensus,</span> <span class='ocrx_word' id='word_1_193' title='bbox 459 2615 483 2662; x_wconf 92' lang='lat' dir='ltr'>d.</span> 
     </span>
    </p>
   </div>
   <div class='ocr_carea' id='block_1_4' title="bbox 151 2701 1326 3447">
    <p class='ocr_par' dir='ltr' id='par_1_4' title="bbox 151 2701 1326 3447">
     <span class='ocr_line' id='line_1_24' title="bbox 185 2701 1271 2771; baseline 0.004 -19"><span class='ocrx_word' id='word_1_194' title='bbox 185 2702 200 2763; x_wconf 64' lang='grc' dir='ltr'><strong>ξ</strong></span> <span class='ocrx_word' id='word_1_195' title='bbox 213 2710 254 2754; x_wconf 83' lang='grc'>26.</span> <span class='ocrx_word' id='word_1_196' title='bbox 277 2706 321 2751; x_wconf 83' lang='lat' dir='ltr'>sub</span> <span class='ocrx_word' id='word_1_197' title='bbox 333 2721 444 2766; x_wconf 84' lang='lat' dir='ltr'>mensum,</span> <span class='ocrx_word' id='word_1_198' title='bbox 460 2701 547 2756; x_wconf 70' lang='lat' dir='ltr'>OVT.</span> <span class='ocrx_word' id='word_1_199' title='bbox 570 2709 612 2756; x_wconf 86' lang='lat' dir='ltr'>sub</span> <span class='ocrx_word' id='word_1_200' title='bbox 624 2724 723 2768; x_wconf 85' lang='lat' dir='ltr'>mensos,</span> <span class='ocrx_word' id='word_1_201' title='bbox 737 2709 780 2758; x_wconf 86' lang='lat' dir='ltr'>Rd</span> <span class='ocrx_word' id='word_1_202' title='bbox 794 2705 881 2769; x_wconf 93' lang='lat' dir='ltr'>(codd.</span> <span class='ocrx_word' id='word_1_203' title='bbox 894 2707 964 2770; x_wconf 88' lang='lat' dir='ltr'>Gel.)</span> <span class='ocrx_word' id='word_1_204' title='bbox 976 2723 1000 2771; x_wconf 74' lang='lat' dir='ltr'>y.</span> <span class='ocrx_word' id='word_1_205' title='bbox 1023 2707 1066 2756; x_wconf 85' lang='lat' dir='ltr'>sub</span> <span class='ocrx_word' id='word_1_206' title='bbox 1078 2723 1166 2768; x_wconf 84' lang='lat' dir='ltr'>mensu,</span> <span class='ocrx_word' id='word_1_207' title='bbox 1178 2724 1191 2756; x_wconf 92' lang='lat' dir='ltr'>r</span> <span class='ocrx_word' id='word_1_208' title='bbox 1202 2704 1271 2770; x_wconf 86' lang='lat' dir='ltr'>(cod.</span> 
     </span>
     <span class='ocr_line' id='line_1_25' title="bbox 151 2771 1271 2843; baseline 0.004 -23"><span class='ocrx_word' id='word_1_209' title='bbox 151 2771 237 2820; x_wconf 90' lang='lat' dir='ltr'>Ursini</span> <span class='ocrx_word' id='word_1_210' title='bbox 254 2774 279 2821; x_wconf 91' lang='lat' dir='ltr'>in</span> <span class='ocrx_word' id='word_1_211' title='bbox 292 2777 400 2836; x_wconf 86' lang='lat' dir='ltr'>append.</span> <span class='ocrx_word' id='word_1_212' title='bbox 414 2777 445 2823; x_wconf 88' lang='lat' dir='ltr'>ed</span> <span class='ocrx_word' id='word_1_213' title='bbox 459 2775 580 2825; x_wconf 88' lang='lat' dir='ltr'>Ciaccon.</span> <span class='ocrx_word' id='word_1_214' title='bbox 593 2777 656 2825; x_wconf 87' lang='lat' dir='ltr'>tricl.</span> <span class='ocrx_word' id='word_1_215' title='bbox 670 2793 695 2840; x_wconf 91' lang='lat' dir='ltr'>p.</span> <span class='ocrx_word' id='word_1_216' title='bbox 710 2774 779 2838; x_wconf 73' lang='lat'>145.)</span> <span class='ocrx_word' id='word_1_217' title='bbox 802 2779 844 2824; x_wconf 85' lang='lat' dir='ltr'>sub</span> <span class='ocrx_word' id='word_1_218' title='bbox 857 2776 947 2834; x_wconf 80' lang='lat' dir='ltr'>rucrrsis,</span> <span class='ocrx_word' id='word_1_219' title='bbox 960 2773 988 2836; x_wconf 81' lang='grc' dir='ltr'>β.</span> <span class='ocrx_word' id='word_1_220' title='bbox 1009 2817 1038 2824; x_wconf 80' lang='grc'><strong>-</strong></span> <span class='ocrx_word' id='word_1_221' title='bbox 1061 2775 1173 2843; x_wconf 67' lang='lat' dir='ltr'>perfusis,</span> <span class='ocrx_word' id='word_1_222' title='bbox 1185 2777 1219 2826; x_wconf 87' lang='lat' dir='ltr'>V.</span> <span class='ocrx_word' id='word_1_223' title='bbox 1241 2817 1271 2824; x_wconf 84' lang='lat'>-</span> 
     </span>
     <span class='ocr_line' id='line_1_26' title="bbox 152 2839 1272 2907; baseline 0.005 -21"><span class='ocrx_word' id='word_1_224' title='bbox 152 2839 262 2888; x_wconf 84' lang='lat' dir='ltr'>bibentem</span> <span class='ocrx_word' id='word_1_225' title='bbox 275 2841 404 2902; x_wconf 83' lang='lat' dir='ltr'>convivam,</span> <span class='ocrx_word' id='word_1_226' title='bbox 417 2842 499 2891; x_wconf 88' lang='lat' dir='ltr'>VRd.</span> <span class='ocrx_word' id='word_1_227' title='bbox 520 2884 550 2891; x_wconf 77' lang='grc'>-</span> <span class='ocrx_word' id='word_1_228' title='bbox 570 2842 627 2899; x_wconf 85' lang='lat' dir='ltr'>tolli,</span> <span class='ocrx_word' id='word_1_229' title='bbox 640 2845 740 2893; x_wconf 75' lang='lat' dir='ltr'>vlt-’n</span> <span class='ocrx_word' id='word_1_230' title='bbox 761 2843 861 2892; x_wconf 86' lang='lat' dir='ltr'>tollimus</span> <span class='ocrx_word' id='word_1_231' title='bbox 870 2843 964 2907; x_wconf 87' lang='lat' dir='ltr'>picalis,</span> <span class='ocrx_word' id='word_1_232' title='bbox 977 2846 1022 2894; x_wconf 74' lang='lat' dir='ltr'>R&#39;.</span> <span class='ocrx_word' id='word_1_233' title='bbox 1042 2885 1072 2892; x_wconf 86' lang='grc'>-</span> <span class='ocrx_word' id='word_1_234' title='bbox 1088 2843 1207 2907; x_wconf 88' lang='lat' dir='ltr'>principis</span> <span class='ocrx_word' id='word_1_235' title='bbox 1218 2843 1272 2905; x_wconf 85' lang='lat' dir='ltr'>uiri,</span> 
     </span>
     <span class='ocr_line' id='line_1_27' title="bbox 151 2908 1271 2975; baseline 0.003 -18"><span class='ocrx_word' id='word_1_236' title='bbox 151 2909 191 2957; x_wconf 86' lang='lat' dir='ltr'>R&#39;·&#39;</span> <span class='ocrx_word' id='word_1_237' title='bbox 198 2909 221 2955; x_wconf 92' lang='lat' dir='ltr'>d.</span> <span class='ocrx_word' id='word_1_238' title='bbox 249 2908 379 2970; x_wconf 87' lang='lat' dir='ltr'>principis,</span> <span class='ocrx_word' id='word_1_239' title='bbox 396 2910 471 2959; x_wconf 86' lang='lat' dir='ltr'>VR¹.</span> <span class='ocrx_word' id='word_1_240' title='bbox 499 2910 659 2975; x_wconf 82' lang='lat' dir='ltr'>principalia,</span> <span class='ocrx_word' id='word_1_241' title='bbox 676 2929 695 2961; x_wconf 88' lang='lat' dir='ltr'>r.</span> <span class='ocrx_word' id='word_1_242' title='bbox 721 2953 752 2961; x_wconf 73' lang='grc'>.-</span> <span class='ocrx_word' id='word_1_243' title='bbox 779 2929 860 2960; x_wconf 85' lang='lat' dir='ltr'>mensa</span> <span class='ocrx_word' id='word_1_244' title='bbox 876 2928 964 2973; x_wconf 86' lang='lat' dir='ltr'>uacua,</span> <span class='ocrx_word' id='word_1_245' title='bbox 985 2913 1084 2962; x_wconf 85' lang='lat' dir='ltr'>Ferrar.</span> <span class='ocrx_word' id='word_1_246' title='bbox 1103 2914 1175 2961; x_wconf 88' lang='lat' dir='ltr'>elect.</span> <span class='ocrx_word' id='word_1_247' title='bbox 1195 2917 1218 2972; x_wconf 85' lang='lat'>2,</span> <span class='ocrx_word' id='word_1_248' title='bbox 1233 2916 1271 2963; x_wconf 81' lang='lat'>17.</span> 
     </span>
     <span class='ocr_line' id='line_1_28' title="bbox 152 2975 1326 3044; baseline 0.005 -22"><span class='ocrx_word' id='word_1_249' title='bbox 152 2975 201 3036; x_wconf 81' lang='lat' dir='ltr'>Qui</span> <span class='ocrx_word' id='word_1_250' title='bbox 219 2992 276 3025; x_wconf 91' lang='lat' dir='ltr'>cum</span> <span class='ocrx_word' id='word_1_251' title='bbox 289 2979 437 3026; x_wconf 87' lang='lat' dir='ltr'>sententiam</span> <span class='ocrx_word' id='word_1_252' title='bbox 450 2979 499 3026; x_wconf 89' lang='lat' dir='ltr'>loci</span> <span class='ocrx_word' id='word_1_253' title='bbox 512 2989 579 3028; x_wconf 87' lang='lat' dir='ltr'>recte</span> <span class='ocrx_word' id='word_1_254' title='bbox 591 2982 755 3044; x_wconf 86' lang='lat' dir='ltr'>perspexerit,</span> <span class='ocrx_word' id='word_1_255' title='bbox 773 2982 833 3029; x_wconf 87' lang='lat' dir='ltr'>mihi</span> <span class='ocrx_word' id='word_1_256' title='bbox 847 2989 931 3030; x_wconf 77' lang='lat' dir='ltr'>tanim</span> <span class='ocrx_word' id='word_1_257' title='bbox 944 2981 1047 3044; x_wconf 89' lang='lat' dir='ltr'>propius</span> <span class='ocrx_word' id='word_1_258' title='bbox 1060 2983 1092 3029; x_wconf 90' lang='lat' dir='ltr'>ad</span> <span class='ocrx_word' id='word_1_259' title='bbox 1105 2982 1194 3030; x_wconf 89' lang='lat' dir='ltr'>ductus</span> <span class='ocrx_word' id='word_1_260' title='bbox 1206 2981 1273 3030; x_wconf 87' lang='lat' dir='ltr'>litte·</span> <span class='ocrx_word' id='word_1_261' title='bbox 1320 2976 1326 2987; x_wconf 75' lang='lat'><strong><em>‘</em></strong></span> 
     </span>
     <span class='ocr_line' id='line_1_29' title="bbox 151 3046 1274 3110; baseline 0.003 -18"><span class='ocrx_word' id='word_1_262' title='bbox 151 3059 235 3092; x_wconf 84' lang='lat' dir='ltr'>rarum</span> <span class='ocrx_word' id='word_1_263' title='bbox 252 3046 325 3094; x_wconf 88' lang='lat' dir='ltr'>scribi</span> <span class='ocrx_word' id='word_1_264' title='bbox 343 3061 416 3108; x_wconf 90' lang='lat' dir='ltr'>posse</span> <span class='ocrx_word' id='word_1_265' title='bbox 428 3047 525 3095; x_wconf 85' lang='lat' dir='ltr'>videtur</span> <span class='ocrx_word' id='word_1_266' title='bbox 536 3063 616 3095; x_wconf 85' lang='lat' dir='ltr'>mensa</span> <span class='ocrx_word' id='word_1_267' title='bbox 627 3046 679 3095; x_wconf 85' lang='lat' dir='ltr'>sola</span> <span class='ocrx_word' id='word_1_268' title='bbox 690 3050 706 3096; x_wconf 87' lang='lat' dir='ltr'>i.</span> <span class='ocrx_word' id='word_1_269' title='bbox 719 3064 740 3096; x_wconf 93' lang='lat' dir='ltr'>e.</span> <span class='ocrx_word' id='word_1_270' title='bbox 758 3046 851 3096; x_wconf 83' lang='lat' dir='ltr'>deserto</span> <span class='ocrx_word' id='word_1_271' title='bbox 867 3050 927 3098; x_wconf 93' lang='lat' dir='ltr'>coll.</span> <span class='ocrx_word' id='word_1_272' title='bbox 941 3055 964 3108; x_wconf 85' lang='lat'>5,</span> <span class='ocrx_word' id='word_1_273' title='bbox 979 3054 1034 3097; x_wconf 82' lang='lat'>121.</span> <span class='ocrx_word' id='word_1_274' title='bbox 1054 3053 1094 3107; x_wconf 81' lang='grc'>25,</span> <span class='ocrx_word' id='word_1_275' title='bbox 1108 3054 1148 3098; x_wconf 86' lang='grc'>20.</span> <span class='ocrx_word' id='word_1_276' title='bbox 1167 3089 1198 3096; x_wconf 85' lang='grc'>-</span> <span class='ocrx_word' id='word_1_277' title='bbox 1220 3046 1274 3110; x_wconf 88' lang='lat' dir='ltr'>plu·</span> 
     </span>
     <span class='ocr_line' id='line_1_30' title="bbox 151 3110 1274 3178; baseline 0.004 -20"><span class='ocrx_word' id='word_1_278' title='bbox 151 3126 196 3170; x_wconf 90' lang='lat' dir='ltr'>res,</span> <span class='ocrx_word' id='word_1_279' title='bbox 208 3114 256 3162; x_wconf 80' lang='lat' dir='ltr'>R2.</span> <span class='ocrx_word' id='word_1_280' title='bbox 275 3110 300 3159; x_wconf 88' lang='lat' dir='ltr'>in</span> <span class='ocrx_word' id='word_1_281' title='bbox 309 3111 398 3175; x_wconf 86' lang='lat' dir='ltr'>plures,</span> <span class='ocrx_word' id='word_1_282' title='bbox 411 3114 508 3163; x_wconf 80' lang='lat' dir='ltr'>VR¹d.</span> <span class='ocrx_word' id='word_1_283' title='bbox 526 3131 619 3162; x_wconf 87' lang='lat' dir='ltr'>mensae</span> <span class='ocrx_word' id='word_1_284' title='bbox 627 3113 717 3178; x_wconf 87' lang='lat' dir='ltr'>plures,</span> <span class='ocrx_word' id='word_1_285' title='bbox 729 3117 762 3164; x_wconf 93' lang='grc' dir='ltr'>Κ.</span> <span class='ocrx_word' id='word_1_286' title='bbox 776 3157 806 3164; x_wconf 81' lang='grc'>-</span> <span class='ocrx_word' id='word_1_287' title='bbox 827 3124 873 3163; x_wconf 87' lang='lat' dir='ltr'>tres</span> <span class='ocrx_word' id='word_1_288' title='bbox 885 3115 1003 3175; x_wconf 85' lang='lat' dir='ltr'>convivae,</span> <span class='ocrx_word' id='word_1_289' title='bbox 1017 3118 1071 3164; x_wconf 89' lang='lat' dir='ltr'>cod.</span> <span class='ocrx_word' id='word_1_290' title='bbox 1084 3116 1176 3166; x_wconf 90' lang='lat' dir='ltr'>Ursini.</span> <span class='ocrx_word' id='word_1_291' title='bbox 1192 3113 1274 3178; x_wconf 86' lang='lat' dir='ltr'>plures</span> 
     </span>
     <span class='ocr_line' id='line_1_31' title="bbox 153 3177 1273 3244; baseline 0.004 -19"><span class='ocrx_word' id='word_1_292' title='bbox 153 3178 227 3227; x_wconf 87' lang='lat' dir='ltr'>tribus</span> <span class='ocrx_word' id='word_1_293' title='bbox 239 3187 283 3229; x_wconf 89' lang='lat' dir='ltr'>ant</span> <span class='ocrx_word' id='word_1_294' title='bbox 295 3196 366 3242; x_wconf 85' lang='lat' dir='ltr'>quarn</span> <span class='ocrx_word' id='word_1_295' title='bbox 379 3189 480 3243; x_wconf 83' lang='lat' dir='ltr'>quatuor</span> <span class='ocrx_word' id='word_1_296' title='bbox 496 3182 773 3244; x_wconf 72' lang='lat' dir='ltr'>vc1quinquaBarbar.</span> <span class='ocrx_word' id='word_1_297' title='bbox 792 3225 823 3232; x_wconf 81' lang='lat'><em>-</em></span> <span class='ocrx_word' id='word_1_298' title='bbox 848 3190 1010 3244; x_wconf 88' lang='lat' dir='ltr'>sternumento,</span> <span class='ocrx_word' id='word_1_299' title='bbox 1025 3177 1134 3233; x_wconf 72' lang='lat' dir='ltr'>HVRd.</span> <span class='ocrx_word' id='word_1_300' title='bbox 1157 3189 1273 3231; x_wconf 87' lang='lat' dir='ltr'>sternuta-</span> 
     </span>
     <span class='ocr_line' id='line_1_32' title="bbox 152 3243 1274 3313; baseline 0.004 -19"><span class='ocrx_word' id='word_1_301' title='bbox 152 3243 275 3309; x_wconf 64' lang='lat' dir='ltr'>mentass.</span> <span class='ocrx_word' id='word_1_302' title='bbox 295 3289 326 3297; x_wconf 73' lang='grc'>-</span> <span class='ocrx_word' id='word_1_303' title='bbox 345 3251 528 3309; x_wconf 72' lang='lat' dir='ltr'>mensuran.</span> <span class='ocrx_word' id='word_1_304' title='bbox 548 3291 579 3298; x_wconf 90' lang='lat'>..</span> <span class='ocrx_word' id='word_1_305' title='bbox 603 3250 842 3313; x_wconf 86' lang='lat' dir='ltr'>sinenpostca,R².</span> <span class='ocrx_word' id='word_1_306' title='bbox 863 3250 1155 3313; x_wconf 81' lang='lat' dir='ltr'>posteesinon,VR¹d.</span> <span class='ocrx_word' id='word_1_307' title='bbox 1174 3291 1205 3299; x_wconf 91' lang='lat'>..</span> <span class='ocrx_word' id='word_1_308' title='bbox 1229 3266 1274 3298; x_wconf 90' lang='lat' dir='ltr'>non</span> 
     </span>
     <span class='ocr_line' id='line_1_33' title="bbox 152 3316 1273 3379; baseline 0.004 -18"><span class='ocrx_word' id='word_1_309' title='bbox 152 3330 213 3377; x_wconf 78' lang='lat' dir='ltr'>esse3</span> <span class='ocrx_word' id='word_1_310' title='bbox 235 3331 281 3378; x_wconf 91' lang='lat' dir='ltr'>pro</span> <span class='ocrx_word' id='word_1_311' title='bbox 299 3316 339 3366; x_wconf 91' lang='lat' dir='ltr'>his</span> <span class='ocrx_word' id='word_1_312' title='bbox 356 3333 395 3365; x_wconf 92' lang='lat' dir='ltr'>vv.</span> <span class='ocrx_word' id='word_1_313' title='bbox 413 3318 508 3366; x_wconf 87' lang='lat' dir='ltr'>habent</span> <span class='ocrx_word' id='word_1_314' title='bbox 525 3317 596 3365; x_wconf 85' lang='lat' dir='ltr'>inune</span> <span class='ocrx_word' id='word_1_315' title='bbox 613 3334 662 3365; x_wconf 86' lang='lat' dir='ltr'>esse</span> <span class='ocrx_word' id='word_1_316' title='bbox 673 3320 739 3379; x_wconf 84' lang='lat' dir='ltr'>VR,</span> <span class='ocrx_word' id='word_1_317' title='bbox 763 3317 834 3366; x_wconf 85' lang='lat' dir='ltr'>inune</span> <span class='ocrx_word' id='word_1_318' title='bbox 850 3326 884 3366; x_wconf 87' lang='lat' dir='ltr'>est</span> <span class='ocrx_word' id='word_1_319' title='bbox 901 3320 954 3368; x_wconf 84' lang='lat' dir='ltr'>Td.</span> <span class='ocrx_word' id='word_1_320' title='bbox 974 3360 1005 3368; x_wconf 72' lang='lat'>-</span> <span class='ocrx_word' id='word_1_321' title='bbox 1028 3317 1089 3366; x_wconf 86' lang='lat' dir='ltr'>inter</span> <span class='ocrx_word' id='word_1_322' title='bbox 1101 3317 1156 3366; x_wconf 86' lang='lat' dir='ltr'>dira</span> <span class='ocrx_word' id='word_1_323' title='bbox 1168 3317 1273 3367; x_wconf 80' lang='lat' dir='ltr'>iubetur.</span> 
     </span>
     <span class='ocr_line' id='line_1_34' title="bbox 152 3382 770 3447; baseline 0.005 -15"><span class='ocrx_word' id='word_1_324' title='bbox 152 3382 222 3432; x_wconf 86' lang='lat' dir='ltr'>Haut</span> <span class='ocrx_word' id='word_1_325' title='bbox 234 3383 326 3432; x_wconf 88' lang='lat' dir='ltr'>omnine</span> <span class='ocrx_word' id='word_1_326' title='bbox 338 3384 422 3433; x_wconf 85' lang='lat' dir='ltr'>inania</span> <span class='ocrx_word' id='word_1_327' title='bbox 434 3401 483 3433; x_wconf 85' lang='lat' dir='ltr'>esse</span> <span class='ocrx_word' id='word_1_328' title='bbox 495 3384 553 3434; x_wconf 78' lang='lat' dir='ltr'>daec</span> <span class='ocrx_word' id='word_1_329' title='bbox 564 3385 691 3447; x_wconf 81' lang='lat' dir='ltr'>instituere,</span> <span class='ocrx_word' id='word_1_330' title='bbox 703 3387 770 3436; x_wconf 88' lang='lat' dir='ltr'>Pint.</span> 
     </span>
    </p>
   </div>
   <div class='ocr_carea' id='block_1_5' title="bbox 150 3474 1275 3951">
    <p class='ocr_par' dir='ltr' id='par_1_5' title="bbox 150 3474 1275 3951">
     <span class='ocr_line' id='line_1_35' title="bbox 186 3474 1274 3543; baseline 0.002 -17"><span class='ocrx_word' id='word_1_331' title='bbox 186 3479 253 3539; x_wconf 82' lang='lat'>§27.</span> <span class='ocrx_word' id='word_1_332' title='bbox 273 3475 397 3540; x_wconf 85' lang='lat' dir='ltr'>liquerunt,</span> <span class='ocrx_word' id='word_1_333' title='bbox 410 3480 434 3527; x_wconf 92' lang='lat' dir='ltr'>d.</span> <span class='ocrx_word' id='word_1_334' title='bbox 453 3519 484 3528; x_wconf 59' lang='grc'><em>,</em></span> <span class='ocrx_word' id='word_1_335' title='bbox 503 3478 657 3541; x_wconf 73' lang='lat' dir='ltr'>conticiscere,</span> <span class='ocrx_word' id='word_1_336' title='bbox 669 3480 732 3530; x_wconf 86' lang='lat' dir='ltr'>VR.</span> <span class='ocrx_word' id='word_1_337' title='bbox 750 3479 908 3541; x_wconf 60' lang='lat' dir='ltr'>candescere,</span> <span class='ocrx_word' id='word_1_338' title='bbox 922 3475 993 3543; x_wconf 75' lang='grc' dir='ltr'>ᾱβγ.</span> <span class='ocrx_word' id='word_1_339' title='bbox 1009 3521 1038 3530; x_wconf 88' lang='grc'>..</span> <span class='ocrx_word' id='word_1_340' title='bbox 1058 3480 1140 3543; x_wconf 81' lang='lat' dir='ltr'>iisque,</span> <span class='ocrx_word' id='word_1_341' title='bbox 1154 3474 1182 3529; x_wconf 81' lang='grc' dir='ltr'>θ.</span> <span class='ocrx_word' id='word_1_342' title='bbox 1202 3479 1274 3542; x_wconf 66' lang='lat' dir='ltr'>risque,</span> 
     </span>
     <span class='ocr_line' id='line_1_36' title="bbox 152 3542 1274 3612; baseline 0.004 -20"><span class='ocrx_word' id='word_1_343' title='bbox 152 3544 285 3609; x_wconf 68' lang='lat' dir='ltr'>VRTdy.</span> <span class='ocrx_word' id='word_1_344' title='bbox 305 3562 354 3608; x_wconf 81' lang='lat' dir='ltr'>que</span> <span class='ocrx_word' id='word_1_345' title='bbox 365 3545 391 3594; x_wconf 85' lang='lat' dir='ltr'>in</span> <span class='ocrx_word' id='word_1_346' title='bbox 402 3562 435 3606; x_wconf 86' lang='lat' dir='ltr'>re,</span> <span class='ocrx_word' id='word_1_347' title='bbox 446 3542 475 3608; x_wconf 80' lang='grc' dir='ltr'>β.</span> <span class='ocrx_word' id='word_1_348' title='bbox 495 3587 526 3595; x_wconf 82' lang='grc'>..</span> <span class='ocrx_word' id='word_1_349' title='bbox 544 3547 635 3610; x_wconf 82' lang='lat' dir='ltr'>ubique,</span> <span class='ocrx_word' id='word_1_350' title='bbox 647 3548 703 3597; x_wconf 92' lang='lat' dir='ltr'>Vd.</span> <span class='ocrx_word' id='word_1_351' title='bbox 723 3589 754 3597; x_wconf 75' lang='grc'>-</span> <span class='ocrx_word' id='word_1_352' title='bbox 772 3549 932 3612; x_wconf 73' lang='lat' dir='ltr'>celebrantque,</span> <span class='ocrx_word' id='word_1_353' title='bbox 944 3550 977 3599; x_wconf 86' lang='lat' dir='ltr'>R.</span> <span class='ocrx_word' id='word_1_354' title='bbox 996 3589 1027 3598; x_wconf 83' lang='grc'>-</span> <span class='ocrx_word' id='word_1_355' title='bbox 1046 3546 1111 3611; x_wconf 83' lang='lat' dir='ltr'>quid,</span> <span class='ocrx_word' id='word_1_356' title='bbox 1123 3549 1202 3599; x_wconf 83' lang='lat' dir='ltr'>VR².</span> <span class='ocrx_word' id='word_1_357' title='bbox 1226 3546 1274 3610; x_wconf 81' lang='lat' dir='ltr'>qui,</span> 
     </span>
     <span class='ocr_line' id='line_1_37' title="bbox 151 3611 1275 3679; baseline 0.003 -19"><span class='ocrx_word' id='word_1_358' title='bbox 151 3611 218 3662; x_wconf 85' lang='lat' dir='ltr'>R¹d</span> <span class='ocrx_word' id='word_1_359' title='bbox 245 3612 349 3676; x_wconf 85' lang='lat' dir='ltr'>siquid,</span> <span class='ocrx_word' id='word_1_360' title='bbox 367 3615 399 3664; x_wconf 88' lang='lat' dir='ltr'>K.</span> <span class='ocrx_word' id='word_1_361' title='bbox 420 3655 450 3663; x_wconf 90' lang='lat'>..</span> <span class='ocrx_word' id='word_1_362' title='bbox 473 3630 499 3662; x_wconf 87' lang='lat' dir='ltr'>ce</span> <span class='ocrx_word' id='word_1_363' title='bbox 516 3614 638 3678; x_wconf 86' lang='lat' dir='ltr'>itantique,</span> <span class='ocrx_word' id='word_1_364' title='bbox 655 3618 686 3666; x_wconf 90' lang='grc' dir='ltr'>Τ.</span> <span class='ocrx_word' id='word_1_365' title='bbox 705 3657 737 3665; x_wconf 86' lang='grc'>..</span> <span class='ocrx_word' id='word_1_366' title='bbox 760 3615 946 3678; x_wconf 61' lang='lat' dir='ltr'>amatissima,</span> <span class='ocrx_word' id='word_1_367' title='bbox 962 3618 1040 3668; x_wconf 87' lang='lat' dir='ltr'>R²T.</span> <span class='ocrx_word' id='word_1_368' title='bbox 1067 3614 1275 3679; x_wconf 78' lang='lat' dir='ltr'>exeprentissime,</span> 
     </span>
     <span class='ocr_line' id='line_1_38' title="bbox 152 3681 1274 3747; baseline 0.004 -19"><span class='ocrx_word' id='word_1_369' title='bbox 152 3681 248 3731; x_wconf 84' lang='lat' dir='ltr'>VR¹d</span> <span class='ocrx_word' id='word_1_370' title='bbox 273 3681 469 3742; x_wconf 71' lang='lat' dir='ltr'>eremetiesimaa</span> <span class='ocrx_word' id='word_1_371' title='bbox 508 3719 514 3731; x_wconf 94' lang='lat'>.</span> <span class='ocrx_word' id='word_1_372' title='bbox 536 3685 686 3747; x_wconf 84' lang='lat' dir='ltr'>Legendum</span> <span class='ocrx_word' id='word_1_373' title='bbox 703 3685 802 3735; x_wconf 89' lang='lat' dir='ltr'>videtur</span> <span class='ocrx_word' id='word_1_374' title='bbox 818 3684 879 3733; x_wconf 87' lang='lat' dir='ltr'>inter</span> <span class='ocrx_word' id='word_1_375' title='bbox 890 3683 1129 3745; x_wconf 64' lang='lat' dir='ltr'>enecatdsimastsi</span> <span class='ocrx_word' id='word_1_376' title='bbox 1146 3694 1174 3733; x_wconf 86' lang='lat' dir='ltr'>ut</span> <span class='ocrx_word' id='word_1_377' title='bbox 1185 3691 1208 3732; x_wconf 87' lang='lat' dir='ltr'>st</span> <span class='ocrx_word' id='word_1_378' title='bbox 1223 3684 1239 3733; x_wconf 93' lang='lat' dir='ltr'>i.</span> <span class='ocrx_word' id='word_1_379' title='bbox 1252 3699 1274 3733; x_wconf 91' lang='lat' dir='ltr'>e.</span> 
     </span>
     <span class='ocr_line' id='line_1_39' title="bbox 152 3745 1275 3816; baseline 0.004 -21"><span class='ocrx_word' id='word_1_380' title='bbox 152 3755 187 3795; x_wconf 86' lang='lat' dir='ltr'>est</span> <span class='ocrx_word' id='word_1_381' title='bbox 202 3764 247 3812; x_wconf 91' lang='lat' dir='ltr'>per</span> <span class='ocrx_word' id='word_1_382' title='bbox 258 3759 404 3813; x_wconf 87' lang='lat' dir='ltr'>sequentem</span> <span class='ocrx_word' id='word_1_383' title='bbox 417 3751 535 3800; x_wconf 89' lang='lat' dir='ltr'>voculam</span> <span class='ocrx_word' id='word_1_384' title='bbox 551 3751 574 3798; x_wconf 87' lang='lat' dir='ltr'>si</span> <span class='ocrx_word' id='word_1_385' title='bbox 589 3753 621 3802; x_wconf 84' lang='lat' dir='ltr'>sit</span> <span class='ocrx_word' id='word_1_386' title='bbox 632 3754 788 3816; x_wconf 85' lang='lat' dir='ltr'>absorptum.</span> <span class='ocrx_word' id='word_1_387' title='bbox 808 3793 837 3801; x_wconf 91' lang='lat'>..</span> <span class='ocrx_word' id='word_1_388' title='bbox 856 3752 933 3813; x_wconf 87' lang='lat' dir='ltr'>Ditis,</span> <span class='ocrx_word' id='word_1_389' title='bbox 945 3754 978 3802; x_wconf 89' lang='lat' dir='ltr'>V.</span> <span class='ocrx_word' id='word_1_390' title='bbox 1002 3751 1070 3813; x_wconf 85' lang='lat' dir='ltr'>dicis,</span> <span class='ocrx_word' id='word_1_391' title='bbox 1085 3745 1214 3816; x_wconf 72' lang='lat' dir='ltr'>darer.</span> <span class='ocrx_word' id='word_1_392' title='bbox 1237 3768 1275 3801; x_wconf 91' lang='lat' dir='ltr'>ce-</span> 
     </span>
     <span class='ocr_line' id='line_1_40' title="bbox 150 3815 1274 3884; baseline 0.006 -22"><span class='ocrx_word' id='word_1_393' title='bbox 150 3815 267 3878; x_wconf 77' lang='lat' dir='ltr'>pitontioe</span> <span class='ocrx_word' id='word_1_394' title='bbox 284 3815 408 3878; x_wconf 79' lang='lat' dir='ltr'>exciderit,</span> <span class='ocrx_word' id='word_1_395' title='bbox 426 3817 487 3866; x_wconf 88' lang='lat' dir='ltr'>inter</span> <span class='ocrx_word' id='word_1_396' title='bbox 503 3819 680 3869; x_wconf 64' lang='lat' dir='ltr'>assuetissimus</span> <span class='ocrx_word' id='word_1_397' title='bbox 694 3821 717 3868; x_wconf 90' lang='lat' dir='ltr'>si</span> <span class='ocrx_word' id='word_1_398' title='bbox 729 3819 839 3884; x_wconf 77' lang='lat' dir='ltr'>pontefici</span> <span class='ocrx_word' id='word_1_399' title='bbox 853 3836 882 3869; x_wconf 86' lang='lat' dir='ltr'>uc</span> <span class='ocrx_word' id='word_1_400' title='bbox 898 3821 965 3870; x_wconf 81' lang='lat' dir='ltr'>Ditis</span> <span class='ocrx_word' id='word_1_401' title='bbox 980 3836 1055 3869; x_wconf 84' lang='lat' dir='ltr'>cause</span> <span class='ocrx_word' id='word_1_402' title='bbox 1066 3819 1178 3883; x_wconf 84' lang='lat' dir='ltr'>epulanti,</span> <span class='ocrx_word' id='word_1_403' title='bbox 1190 3822 1223 3870; x_wconf 89' lang='lat' dir='ltr'>K.</span> <span class='ocrx_word' id='word_1_404' title='bbox 1243 3859 1274 3869; x_wconf 75' lang='grc'>.-</span> 
     </span>
     <span class='ocr_line' id='line_1_41' title="bbox 153 3881 1160 3951; baseline 0.007 -20"><span class='ocrx_word' id='word_1_405' title='bbox 153 3881 266 3946; x_wconf 85' lang='lat' dir='ltr'>epuienti,</span> <span class='ocrx_word' id='word_1_406' title='bbox 279 3886 311 3934; x_wconf 84' lang='lat' dir='ltr'>R.</span> <span class='ocrx_word' id='word_1_407' title='bbox 330 3883 428 3946; x_wconf 80' lang='lat' dir='ltr'>epulati,</span> <span class='ocrx_word' id='word_1_408' title='bbox 441 3886 496 3935; x_wconf 92' lang='lat' dir='ltr'>Vd.</span> <span class='ocrx_word' id='word_1_409' title='bbox 514 3927 546 3936; x_wconf 79' lang='lat'>..</span> <span class='ocrx_word' id='word_1_410' title='bbox 565 3886 644 3949; x_wconf 81' lang='lat' dir='ltr'>utique</span> <span class='ocrx_word' id='word_1_411' title='bbox 656 3886 751 3950; x_wconf 83' lang='lat' dir='ltr'>aliquid</span> <span class='ocrx_word' id='word_1_412' title='bbox 761 3886 854 3951; x_wconf 85' lang='lat' dir='ltr'>deponi,</span> <span class='ocrx_word' id='word_1_413' title='bbox 866 3890 899 3937; x_wconf 89' lang='lat' dir='ltr'>K.</span> <span class='ocrx_word' id='word_1_414' title='bbox 920 3929 949 3937; x_wconf 88' lang='lat'>..</span> <span class='ocrx_word' id='word_1_415' title='bbox 968 3887 1115 3951; x_wconf 82' lang='lat' dir='ltr'>adolerique,</span> <span class='ocrx_word' id='word_1_416' title='bbox 1127 3890 1160 3938; x_wconf 91' lang='lat' dir='ltr'>V.</span> 
     </span>
    </p>
   </div>
   <div class='ocr_carea' id='block_1_6' title="bbox 151 3964 1275 4378">
    <p class='ocr_par' dir='ltr' id='par_1_6' title="bbox 151 3964 1275 4378">
     <span class='ocr_line' id='line_1_42' title="bbox 186 3964 1275 4038; baseline 0.006 -22"><span class='ocrx_word' id='word_1_417' title='bbox 186 3970 258 4031; x_wconf 70' lang='grc'><strong>528.</strong></span> <span class='ocrx_word' id='word_1_418' title='bbox 285 3975 381 4031; x_wconf 76' lang='lat' dir='ltr'>nepent,</span> <span class='ocrx_word' id='word_1_419' title='bbox 398 3964 538 4020; x_wconf 74' lang='lat' dir='ltr'>OVRTd.</span> <span class='ocrx_word' id='word_1_420' title='bbox 565 3979 688 4035; x_wconf 78' lang='lat' dir='ltr'>nepentur,</span> <span class='ocrx_word' id='word_1_421' title='bbox 703 3967 733 4034; x_wconf 82' lang='grc' dir='ltr'>β.</span> <span class='ocrx_word' id='word_1_422' title='bbox 754 4013 784 4021; x_wconf 89' lang='grc'>..</span> <span class='ocrx_word' id='word_1_423' title='bbox 809 3989 833 4034; x_wconf 87' lang='lat' dir='ltr'>a,</span> <span class='ocrx_word' id='word_1_424' title='bbox 849 3972 881 4021; x_wconf 85' lang='lat' dir='ltr'>R.</span> <span class='ocrx_word' id='word_1_425' title='bbox 899 3971 1177 4038; x_wconf 76' lang='lat' dir='ltr'>OmittVTdddpp.</span> <span class='ocrx_word' id='word_1_426' title='bbox 1204 3981 1275 4036; x_wconf 67' lang='lat' dir='ltr'>uque</span> 
     </span>
     <span class='ocr_line' id='line_1_43' title="bbox 153 4033 1275 4104; baseline 0.008 -23"><span class='ocrx_word' id='word_1_427' title='bbox 153 4033 229 4098; x_wconf 80' lang='lat' dir='ltr'>dipito</span> <span class='ocrx_word' id='word_1_428' title='bbox 241 4034 317 4084; x_wconf 86' lang='lat' dir='ltr'>indice</span> <span class='ocrx_word' id='word_1_429' title='bbox 329 4036 418 4083; x_wconf 87' lang='lat' dir='ltr'>moveri</span> <span class='ocrx_word' id='word_1_430' title='bbox 426 4037 550 4098; x_wconf 75' lang='lat' dir='ltr'>paeuniam</span> <span class='ocrx_word' id='word_1_431' title='bbox 562 4037 696 4102; x_wconf 81' lang='lat' dir='ltr'>relipiosum</span> <span class='ocrx_word' id='word_1_432' title='bbox 708 4048 750 4101; x_wconf 88' lang='lat' dir='ltr'>est,</span> <span class='ocrx_word' id='word_1_433' title='bbox 763 4039 875 4091; x_wconf 83' lang='lat' dir='ltr'>Gronov.</span> <span class='ocrx_word' id='word_1_434' title='bbox 896 4057 912 4088; x_wconf 88' lang='lat' dir='ltr'>a</span> <span class='ocrx_word' id='word_1_435' title='bbox 924 4039 998 4104; x_wconf 73' lang='lat' dir='ltr'>dieite</span> <span class='ocrx_word' id='word_1_436' title='bbox 1011 4040 1096 4089; x_wconf 85' lang='lat' dir='ltr'>tacenti</span> <span class='ocrx_word' id='word_1_437' title='bbox 1108 4049 1178 4104; x_wconf 84' lang='lat' dir='ltr'>atque</span> <span class='ocrx_word' id='word_1_438' title='bbox 1190 4040 1275 4102; x_wconf 85' lang='lat' dir='ltr'>indice,</span> 
     </span>
     <span class='ocr_line' id='line_1_44' title="bbox 151 4101 1275 4172; baseline 0.007 -22"><span class='ocrx_word' id='word_1_439' title='bbox 151 4101 257 4153; x_wconf 85' lang='lat' dir='ltr'>Abram.</span> <span class='ocrx_word' id='word_1_440' title='bbox 270 4106 302 4153; x_wconf 87' lang='lat' dir='ltr'>ad</span> <span class='ocrx_word' id='word_1_441' title='bbox 316 4103 369 4154; x_wconf 82' lang='lat' dir='ltr'>Cic.</span> <span class='ocrx_word' id='word_1_442' title='bbox 381 4105 449 4154; x_wconf 90' lang='lat' dir='ltr'>Phil.</span> <span class='ocrx_word' id='word_1_443' title='bbox 463 4111 487 4164; x_wconf 87' lang='grc'>2,</span> <span class='ocrx_word' id='word_1_444' title='bbox 503 4111 540 4153; x_wconf 85' lang='lat'>14.</span> <span class='ocrx_word' id='word_1_445' title='bbox 553 4121 577 4168; x_wconf 89' lang='lat' dir='ltr'>p.</span> <span class='ocrx_word' id='word_1_446' title='bbox 592 4110 649 4157; x_wconf 85' lang='grc'><strong>270.</strong></span> <span class='ocrx_word' id='word_1_447' title='bbox 662 4108 701 4155; x_wconf 93' lang='lat' dir='ltr'>ed.</span> <span class='ocrx_word' id='word_1_448' title='bbox 711 4109 753 4158; x_wconf 91' lang='lat' dir='ltr'>W.</span> <span class='ocrx_word' id='word_1_449' title='bbox 773 4149 803 4156; x_wconf 87' lang='lat'>..</span> <span class='ocrx_word' id='word_1_450' title='bbox 823 4107 910 4172; x_wconf 78' lang='lat' dir='ltr'>indipe,</span> <span class='ocrx_word' id='word_1_451' title='bbox 922 4108 984 4158; x_wconf 88' lang='lat' dir='ltr'>VR.</span> <span class='ocrx_word' id='word_1_452' title='bbox 1004 4149 1035 4157; x_wconf 89' lang='grc'>..</span> <span class='ocrx_word' id='word_1_453' title='bbox 1053 4117 1143 4170; x_wconf 87' lang='lat' dir='ltr'>contra,</span> <span class='ocrx_word' id='word_1_454' title='bbox 1156 4112 1203 4163; x_wconf 68' lang='lat'>3².</span> <span class='ocrx_word' id='word_1_455' title='bbox 1221 4125 1275 4158; x_wconf 89' lang='lat' dir='ltr'>con·</span> 
     </span>
     <span class='ocr_line' id='line_1_45' title="bbox 153 4169 1275 4238; baseline 0.008 -22"><span class='ocrx_word' id='word_1_456' title='bbox 153 4169 231 4230; x_wconf 83' lang='lat' dir='ltr'>tracti,</span> <span class='ocrx_word' id='word_1_457' title='bbox 243 4172 340 4221; x_wconf 83' lang='lat' dir='ltr'>VR¹d.</span> <span class='ocrx_word' id='word_1_458' title='bbox 365 4172 507 4221; x_wconf 82' lang='lat' dir='ltr'>contrectari</span> <span class='ocrx_word' id='word_1_459' title='bbox 518 4181 607 4232; x_wconf 86' lang='lat' dir='ltr'>contre,</span> <span class='ocrx_word' id='word_1_460' title='bbox 619 4169 669 4237; x_wconf 74' lang='grc' dir='ltr'>βγ.</span> <span class='ocrx_word' id='word_1_461' title='bbox 691 4215 721 4223; x_wconf 86' lang='grc'>..</span> <span class='ocrx_word' id='word_1_462' title='bbox 739 4191 777 4235; x_wconf 85' lang='lat' dir='ltr'>uc,</span> <span class='ocrx_word' id='word_1_463' title='bbox 789 4177 821 4225; x_wconf 84' lang='lat' dir='ltr'>R.</span> <span class='ocrx_word' id='word_1_464' title='bbox 844 4174 884 4236; x_wconf 85' lang='lat' dir='ltr'>ud,</span> <span class='ocrx_word' id='word_1_465' title='bbox 897 4175 953 4225; x_wconf 91' lang='lat' dir='ltr'>Vd.</span> <span class='ocrx_word' id='word_1_466' title='bbox 973 4218 1002 4225; x_wconf 81' lang='lat'>..</span> <span class='ocrx_word' id='word_1_467' title='bbox 1022 4175 1118 4238; x_wconf 88' lang='lat' dir='ltr'>colores,</span> <span class='ocrx_word' id='word_1_468' title='bbox 1131 4179 1154 4228; x_wconf 88' lang='lat' dir='ltr'>d.</span> <span class='ocrx_word' id='word_1_469' title='bbox 1174 4218 1202 4226; x_wconf 84' lang='lat'>-</span> <span class='ocrx_word' id='word_1_470' title='bbox 1223 4176 1275 4228; x_wconf 86' lang='lat' dir='ltr'>Pe·</span> 
     </span>
     <span class='ocr_line' id='line_1_46' title="bbox 151 4238 1274 4308; baseline 0.009 -23"><span class='ocrx_word' id='word_1_471' title='bbox 151 4253 222 4299; x_wconf 74' lang='lat' dir='ltr'>pane,</span> <span class='ocrx_word' id='word_1_472' title='bbox 235 4242 259 4289; x_wconf 93' lang='lat' dir='ltr'>d.</span> <span class='ocrx_word' id='word_1_473' title='bbox 277 4280 308 4290; x_wconf 91' lang='lat'>..</span> <span class='ocrx_word' id='word_1_474' title='bbox 330 4238 439 4304; x_wconf 84' lang='lat' dir='ltr'>praedis,</span> <span class='ocrx_word' id='word_1_475' title='bbox 451 4243 484 4290; x_wconf 94' lang='lat' dir='ltr'>V.</span> <span class='ocrx_word' id='word_1_476' title='bbox 504 4282 535 4290; x_wconf 85' lang='lat'>..</span> <span class='ocrx_word' id='word_1_477' title='bbox 559 4249 679 4302; x_wconf 83' lang='lat' dir='ltr'>caventur,</span> <span class='ocrx_word' id='word_1_478' title='bbox 693 4244 716 4292; x_wconf 91' lang='lat' dir='ltr'>d.</span> <span class='ocrx_word' id='word_1_479' title='bbox 736 4284 767 4293; x_wconf 89' lang='lat'>..</span> <span class='ocrx_word' id='word_1_480' title='bbox 787 4243 853 4308; x_wconf 88' lang='lat' dir='ltr'>perit</span> <span class='ocrx_word' id='word_1_481' title='bbox 868 4243 958 4304; x_wconf 82' lang='lat' dir='ltr'>inore,</span> <span class='ocrx_word' id='word_1_482' title='bbox 971 4245 1005 4295; x_wconf 91' lang='lat' dir='ltr'>V.</span> <span class='ocrx_word' id='word_1_483' title='bbox 1026 4287 1056 4296; x_wconf 88' lang='lat'>..</span> <span class='ocrx_word' id='word_1_484' title='bbox 1080 4244 1188 4307; x_wconf 83' lang='lat' dir='ltr'>deiectos,</span> <span class='ocrx_word' id='word_1_485' title='bbox 1200 4247 1224 4296; x_wconf 89' lang='lat' dir='ltr'>d.</span> <span class='ocrx_word' id='word_1_486' title='bbox 1244 4287 1274 4295; x_wconf 81' lang='lat'>-</span> 
     </span>
     <span class='ocr_line' id='line_1_47' title="bbox 152 4302 998 4378; baseline 0.013 -26"><span class='ocrx_word' id='word_1_487' title='bbox 152 4302 186 4365; x_wconf 83' lang='lat' dir='ltr'>id,</span> <span class='ocrx_word' id='word_1_488' title='bbox 198 4306 230 4356; x_wconf 86' lang='lat' dir='ltr'>R.</span> <span class='ocrx_word' id='word_1_489' title='bbox 249 4305 398 4370; x_wconf 54' lang='lat' dir='ltr'>in,V.10m.</span> <span class='ocrx_word' id='word_1_490' title='bbox 412 4310 436 4358; x_wconf 92' lang='lat' dir='ltr'>d.</span> <span class='ocrx_word' id='word_1_491' title='bbox 457 4350 487 4358; x_wconf 90' lang='lat'>..</span> <span class='ocrx_word' id='word_1_492' title='bbox 504 4307 639 4374; x_wconf 82' lang='lat' dir='ltr'>praecipue,</span> <span class='ocrx_word' id='word_1_493' title='bbox 652 4312 735 4362; x_wconf 83' lang='lat' dir='ltr'>VRd.</span> <span class='ocrx_word' id='word_1_494' title='bbox 756 4311 936 4377; x_wconf 64' lang='lat' dir='ltr'>mueapueque,</span> <span class='ocrx_word' id='word_1_495' title='bbox 947 4308 998 4378; x_wconf 77' lang='grc' dir='ltr'>βγ,</span> 
     </span>
    </p>
   </div>
   <div class='ocr_carea' id='block_1_7' title="bbox 0 0 1464 4800">
    <p class='ocr_par' dir='ltr' id='par_1_7' title="bbox 0 0 1464 4800">
     <span class='ocr_line' id='line_1_48' title="bbox 0 0 1464 4800; baseline 0 0"><span class='ocrx_word' id='word_1_496' title='bbox 0 0 1464 4800; x_wconf 95' lang='lat' dir='ltr'> </span> 
     </span>
    </p>
   </div>
  </div>
 </body>
</html>
