2918 4800
146 279 209 342 446
496 292 700 339 assumus
723 292 918 339 russorum:

148 444 306 509 sextarius
334 443 408 509 salis
437 443 472 508 iu
499 454 651 528 quattuor
676 464 779 527 aquae
807 442 962 509 sextarios
984 456 1159 530 mergatur,
1186 445 1272 511 vinci
1311 467 1316 472 ·

147 568 263 630 aquam
285 547 447 629 salemque
467 566 531 610 non
544 544 669 628 liquari.
692 541 809 610 Cetera
823 544 980 610 sextarius
997 545 1160 611 saliacum
1175 559 1270 631 quat-

147 660 219 712 tuor
240 669 343 731 aquae
365 646 514 711 sextariis
536 644 702 711 salsissimi
723 644 823 711 maris
842 645 908 710 vim
930 656 962 709 et
988 655 1134 711 naturam
1154 646 1287 736 inplete
1349 662 1355 668 “

148 747 437 814 moderatissimum
458 758 566 811 autem
587 756 703 833 putant
724 768 822 832 supra
836 745 953 811 dictam
968 768 1071 830 aquae
1088 770 1271 813 mensuram

148 851 272 916 octonis
294 848 371 915 salis
393 848 573 933 temperari,
604 847 753 933 quoniam
780 848 844 913 ista
870 858 902 913 et
928 870 1044 915 nervos
1065 850 1272 916 excalefaciat

146 962 178 1015 et
200 972 316 1037 corpus
337 972 402 1015 non
423 960 602 1034 exasperet.

188 1054 240 1118 35.
262 1051 466 1117 Inveteratur
485 1061 517 1116 et
537 1051 626 1135 quod
640 1062 755 1116 vocant
776 1050 994 1116 thalassomeli
1015 1053 1127 1138 aequis
1146 1052 1269 1138 portio-
1283 1067 1316 1114 cs

149 1153 245 1220 nibus
266 1154 374 1232 maris,
396 1152 511 1230 mellis,
533 1151 662 1230 imbris3
685 1174 727 1218 ex
747 1153 813 1218 alto
835 1163 869 1216 et
889 1152 932 1218 ad
952 1153 1039 1218 hunc
1059 1176 1155 1218 usum
1168 1154 1269 1220 adve-

144 1257 225 1322 hunt
237 1255 392 1338 fictilique
407 1276 484 1320 vaso
506 1263 539 1319 et
552 1253 658 1340 picato
673 1254 825 1319 condunt.
845 1253 987 1320 Prodest
1003 1255 1046 1320 ad
1058 1254 1270 1342 purgationes

144 1379 293 1422 maxume
315 1355 384 1420 sine
406 1355 559 1420 stomachi
581 1355 750 1422 vexatione
771 1365 804 1420 et
826 1377 939 1442 sapore
960 1365 1053 1443 grato
1075 1365 1107 1421 et
1127 1357 1236 1423 odore.

188 1460 240 1525 36.
270 1456 463 1542 Hydromeli
490 1477 617 1541 quoque
639 1479 681 1523 ex
701 1455 804 1521 imbre
831 1479 914 1542 puro
936 1479 1008 1521 cum
1030 1457 1122 1523 melle
1144 1469 1268 1546 tempe·
1282 1472 1314 1517 6⁹

143 1560 275 1630 rabatur
289 1556 462 1642 quondam,
479 1557 567 1641 quod
582 1558 711 1623 daretur
725 1556 951 1643 adpetentibus
966 1557 1034 1623 vini
1048 1559 1155 1646 aegris
1168 1560 1269 1626 veluti

143 1660 362 1726 innocentiore
387 1669 477 1744 potu,
507 1659 692 1724 damnatum
714 1658 779 1723 iam
800 1659 910 1725 multis
931 1659 1024 1724 annis
1045 1660 1159 1726 iisdem
1181 1662 1268 1727 vitiis

143 1760 261 1848 quibus
282 1760 393 1824 vinum
413 1781 473 1825 nec
493 1760 607 1826 iisdem
629 1760 832 1826 utilitatibus.

184 1863 236 1927 37.
265 1860 353 1942 Quia
374 1883 472 1946 saepe
492 1862 683 1950 navigantes
705 1862 835 1927 defectu
861 1884 964 1948 aquae
986 1863 1089 1929 dulcis
1109 1863 1267 1942 laborant,
1281 1871 1313 1919 70

142 1963 221 2028 haec
241 1984 369 2047 quoque
391 1947 537 2029 subsidia
558 1963 858 2029 demonstrabimus.
881 1964 1038 2051 Expansa
1051 1965 1137 2030 circa
1150 1987 1266 2030 navem

142 2064 261 2130 vellera
281 2064 472 2131 madescunt
493 2075 625 2150 accepto
648 2065 749 2130 halitu
776 2066 885 2145 maris,
912 2065 1030 2151 quibus
1052 2067 1153 2131 dulcis
1175 2089 1268 2131 umor

143 2167 349 2252 exprimitur3
371 2167 449 2232 item
465 2166 623 2232 demissae
642 2167 783 2232 reticulis
804 2168 839 2232 in
860 2189 947 2232 mare
969 2189 1129 2233 concavae
1152 2191 1170 2233 e
1193 2189 1267 2233 cera

141 2268 226 2352 pilae
247 2269 298 2335 vel
319 2291 399 2334 vasa
412 2268 520 2333 inania
533 2278 683 2355 opturata
697 2268 826 2335 dulcem
840 2268 925 2333 intra
945 2290 980 2333 se
1002 2268 1159 2355 colligunt
1172 2292 1265 2334 umo-

142 2391 228 2446 rem;
257 2394 331 2436 nam
356 2370 391 2435 in
418 2381 503 2436 terra
530 2372 655 2436 marina
676 2393 762 2455 aqua
781 2370 896 2457 argilla
915 2371 1078 2457 percolata
1099 2368 1266 2435 dulcescit.

141 2470 273 2536 Luxata
304 2494 438 2558 corpora
470 2482 502 2537 et
532 2472 698 2537 hominum
730 2482 764 2536 et
795 2471 1030 2558 quadripedum
1060 2471 1201 2547 natando
1232 2470 1266 2534 in
1280 2477 1310 2525 71

142 2574 236 2638 cuius
255 2573 354 2638 libeat
375 2574 505 2660 generis
526 2596 611 2658 aqua
634 2574 783 2640 facillime
804 2572 838 2636 in
860 2585 953 2639 artus
972 2573 1114 2638 redeunt.
1151 2571 1214 2637 Est
1235 2582 1269 2638 et
1374 2606 1380 2613 ·

141 2675 175 2739 in
189 2685 277 2739 metu
291 2675 567 2761 peregrinantium
587 2686 626 2741 ut
641 2684 796 2761 temptent
810 2674 1029 2741 valetudinem
1050 2697 1153 2760 aquae
1171 2674 1266 2762 igno-

174 2847 305 2910 sextarius,
318 2850 389 2898 R2d.
412 2846 532 2909 εεπωνιῐ,
544 2849 620 2898 VR‘.
646 2847 788 2909 sextarium,
802 2843 831 2897 θ.
850 2889 882 2897 ..
899 2849 936 2908 iu,
949 2844 1086 2900 OVRTd
1104 2847 1168 2908 cum,
1184 2843 1214 2909 β.
1234 2890 1266 2899 .-

141 2931 220 2980 aquae
236 2917 362 2977 emtarios,
374 2916 408 2966 V.
433 2915 551 2965 sestarios
566 2931 653 2979 aquae,
669 2916 750 2966 RTd.
777 2931 856 2979 aquae
870 2916 991 2979 salariis,
1002 2913 1032 2979 β.
1050 2958 1082 2967 ..
1100 2917 1158 2978 auti,
1170 2916 1215 2966 lu.
1234 2957 1266 2966 ..

141 3001 178 3045 ao,
191 2986 237 3035 R¹.
256 3025 288 3035 -
307 2983 497 3047 marsuas
516 3025 547 3034 ..
569 2981 693 3045 sestarios,
706 2984 767 3035 VB.
786 3025 817 3035 ..
840 2983 1017 3046 εεωωνίε,Βά
1043 2984 1169 3045 muria,
1181 2984 1215 3035 V.
1234 3024 1266 3034 .-

140 3053 195 3115 m'm,
204 3054 252 3103 R2.
270 3068 388 3116 umquam,
397 3052 497 3103 VR'd.
513 3051 614 3116 uimque,
625 3053 694 3102 Pint.
706 3092 738 3102 -
753 3051 849 3115 aemam,
858 3052 914 3102 Vd
929 3052 1019 3102 cescum
1029 3052 1130 3117 cymba,
1141 3047 1221 3117 Ββγ.
1234 3093 1266 3102 .-

40 3172 49 3183 ,
140 3119 196 3182 aaa,
207 3120 292 3171 VRd.
310 3120 353 3182 ita,
363 3116 415 3185 βγ.
433 3161 466 3170 ..
484 3118 649 3183 excalefaciat,
660 3120 745 3170 VBd.
762 3117 899 3184 calefaciat,
909 3115 939 3181 β.
958 3161 990 3170 ..
1008 3128 1144 3184 exemerat,
1155 3121 1231 3170 VR¹.

174 3203 190 3265 ξ
203 3211 244 3256 68.
265 3212 289 3254 et
303 3203 369 3268 quod
382 3212 474 3266 uocum,
489 3197 599 3256 OVRd.
622 3212 645 3253 et
655 3202 720 3267 quod
729 3212 835 3266 vocatur,
848 3205 880 3254 Τ.
902 3203 966 3268 quod
976 3213 1081 3266 vocam,
1093 3200 1122 3266 β.
1146 3203 1266 3255 Ceterum

140 3289 165 3322 v.
180 3273 299 3324 Dioscor.
317 3280 393 3335 ΜΟ.
411 3314 443 3323 ..
468 3270 639 3334 mammaea,
656 3273 701 3321 R¹.
720 3313 752 3322 ..
776 3271 837 3335 equi,
854 3273 878 3322 d.
897 3313 929 3322 ...
953 3272 1075 3334 imbribus,
1091 3274 1168 3324 vat
1187 3312 1219 3322 ..
1244 3279 1267 3321 et

141 3338 182 3402 ad,
194 3342 296 3392 VR2d.
314 3340 413 3402 aaut
432 3381 464 3390 ..
482 3356 549 3401 vasa,
563 3333 592 3390 θ.
610 3356 674 3402 uase,
686 3336 819 3404 VRdssr.
838 3380 869 3390 ..
886 3348 966 3404 prato,
979 3356 1030 3391 om.
1042 3341 1088 3391 R'.
1102 3380 1133 3390 ...
1151 3339 1266 3402 madore,

142 3410 191 3459 aa
209 3407 287 3471 aare,
299 3409 355 3459 vc.
369 3409 427 3460 um.
440 3409 485 3458 aa

175 3495 243 3557 §os
272 3493 446 3557 temperabitur,
458 3494 491 3543 V.
511 3533 543 3542 ..
566 3491 772 3556 qucdamVRd.
791 3532 822 3543 ..
847 3492 904 3554 uini,
920 3486 1059 3543 OVRTd.
1085 3487 1212 3555 visumst.
1233 3533 1264 3543 ..

143 3559 214 3622 velut,
226 3562 250 3610 d.
270 3601 301 3610 ..
318 3568 409 3624 potam,
420 3561 454 3611 V.
474 3599 504 3610 -
524 3577 566 3609 uec
576 3559 666 3621 iisdem,
680 3563 703 3611 d.
721 3559 845 3623 mudem,
857 3561 906 3611 R2.
925 3558 1027 3622 uaedam,
1038 3560 1116 3611 VR'.

176 3647 244 3708 §70.
270 3643 307 3693 Et
322 3645 392 3707 quia,
409 3647 442 3695 K.
461 3686 492 3694 -
516 3643 736 3704 demonstravimus,
752 3646 816 3696 VR.
836 3686 867 3694 -
890 3661 980 3707 navens,
998 3647 1060 3696 VR.
1086 3643 1174 3704 maim,
1192 3639 1264 3708 dstr.

144 3712 302 3776 Recipienda
318 3712 367 3762 fuit
383 3714 428 3762 illa
443 3712 533 3774 forma,
551 3722 580 3763 ut
596 3728 661 3777 quae
677 3713 738 3762 alibi
756 3714 825 3777 apud
836 3713 949 3763 Plinium
967 3729 1024 3763 cum
1037 3713 1094 3763 aliis
1111 3714 1193 3772 codd,
1209 3721 1265 3761 tnm

140 3780 324 3844 Bambergensi
340 3782 501 3831 confirmetur
518 3778 555 3842 (v.
567 3787 609 3841 32,
621 3787 645 3830 3.
657 3779 704 3843 a),
720 3782 756 3830 ita
771 3789 800 3831 ut
816 3782 868 3831 iam
885 3783 962 3832 etiam
978 3786 1003 3840 8,
1015 3787 1055 3832 66.
1072 3795 1106 3830 ox
1123 3775 1166 3842 ‹1ss
1181 3795 1265 3828 aavea

142 3863 264 3912 reponere
276 3848 372 3898 malim.
390 3889 423 3898 ..
440 3846 509 3908 alita,
521 3849 555 3899 V.
573 3888 605 3899 ..
623 3847 698 3897 dalea
709 3864 783 3909 umor,
795 3848 879 3898 VRd.
898 3847 981 3897 humor
991 3846 1073 3909 dulas,
1085 3843 1137 3911 βγ.
1150 3888 1182 3897 -
1200 3845 1264 3908 item,

141 3915 212 3965 B2d.
239 3914 309 3977 idem,
322 3917 367 3966 R'.
394 3914 473 3978 idest,
485 3915 519 3965 V.
537 3957 569 3966 ..
588 3931 662 3977 mare,
674 3916 814 3967 VRTKd.
836 3915 907 3978 mari,
918 3911 948 3977 β.
968 3956 999 3965 ..
1017 3931 1104 3977 saera,
1117 3918 1141 3966 d.
1164 3922 1188 3963 et
1198 3929 1265 3978 cera,

141 3983 218 4034 VB).
240 3999 303 4100 “lli
315 3984 365 4033 12².
383 4024 415 4034 -
438 3983 500 4033 iuter
511 3982 614 4045 marina,
626 3985 659 4034 V.
683 3982 709 4033 ia
725 3991 791 4032 tama
806 3981 897 4049 argilla
907 3983 1003 4033 marma
1014 3998 1080 4047 aqua
1086 3980 1220 4047 permuta,
1232 3983 1265 4033 K.

142 4090 174 4100 -
189 4065 262 4114 perca
299 4058 332 4114 ta,
344 4051 378 4102 V.

144 4189 147 4192 ⁴
178 4131 246 4194 571.
268 4132 376 4198 Lassata
389 4137 414 4187 B
425 4134 559 4200 (excom.)
571 4137 625 4187 Tc.
645 4135 736 4198 Laeta,
749 4128 780 4186 θ.
801 4133 882 4198 lacta,
893 4134 928 4186 V.
946 4176 979 4186 ..
1000 4149 1103 4198 corpora
1113 4141 1137 4182 et
1147 4131 1266 4183 homiuum

143 4207 173 4261 et,
186 4201 297 4254 VRTd.
320 4201 436 4253 lscmiaum
447 4220 548 4268 casparo
559 4212 589 4265 et,
600 4199 630 4266 β.
652 4203 764 4263 membro,
775 4204 809 4254 K.
827 4242 860 4254 ..
881 4203 946 4252 euius
958 4202 1038 4265 libeat,
1055 4195 1165 4253 OVRd.
1186 4201 1266 4251 osuu-

144 4267 208 4330 ls'bet,
219 4263 248 4330 β.
266 4310 298 4320 ..
314 4270 522 4335 perigrinantium,
533 4273 567 4321 V.
581 4312 612 4322 ..
630 4286 647 4319 a
660 4269 765 4333 balinea,
776 4287 797 4322 r.
813 4310 846 4323 ..
863 4279 1003 4335 susceptam,
1014 4271 1059 4322 R'.

70 4484 143 4495 Α
