2918 4800
194 316 255 380 112
547 331 751 380 unsusunrs
772 331 967 379 urs‘roamn

194 506 303 550 earum
325 482 453 572 digesto
474 483 508 547 in
528 505 650 570 genera
670 483 863 549 morborum.
901 481 976 563 Qua
997 479 1129 566 quidem
1156 481 1191 547 in
1217 503 1315 567 repu·
1327 501 1361 547 aa

194 587 312 651 tatione
334 583 480 649 misereri
504 584 598 650 sortis
613 585 772 649 humanae
794 584 880 650 subit
903 592 1030 670 praeter
1052 583 1184 648 fortuita
1203 605 1314 649 casus-

191 709 255 773 que
277 698 309 753 et
330 708 411 771 quae
434 686 464 751 ei
485 709 569 753 nova
589 687 693 752 omnis
722 687 802 751 hora
829 685 991 772 excogitat
1016 684 1104 752 milia
1130 683 1316 751 morborum

192 787 327 875 singulis
348 786 532 852 mortalium
554 787 705 852 timenda.
730 787 796 869 Qui
818 786 1002 874 gravissimi
1024 809 1065 852 ex
1085 786 1136 852 his
1161 787 1225 852 sint
1246 787 1314 853 dis-

191 911 320 955 cernere
343 887 494 954 stultitiae
515 912 616 975 prope
645 889 748 955 videri
775 898 892 974 potest,
920 911 993 954 oum
1022 911 1100 954 suus
1127 888 1243 973 cuique
1272 889 1314 955 ad

189 1013 341 1078 praesens
363 990 498 1074 quisque
520 990 739 1056 atrocissimus
761 990 909 1056 videatur
916 1014 925 1067 3
956 999 987 1055 et
1013 989 1073 1054 hoa
1099 1000 1205 1055 tamen
1227 990 1313 1056 iudi·

189 1115 302 1159 cavere
323 1091 394 1157 aevi
417 1091 645 1176 experimenta,
669 1091 837 1178 asperrimi
851 1092 1011 1158 cruciatus
1032 1114 1102 1157 esse
1117 1092 1313 1157 calculorum

189 1218 210 1260 a
231 1192 381 1259 stilicidio
403 1191 540 1270 vesicae,
562 1215 758 1277 proxumum
773 1193 939 1272 stomachi,
962 1194 1091 1258 tertium
1106 1216 1216 1259 eorum
1231 1215 1313 1277 quae

189 1296 225 1360 in
247 1293 350 1379 eapite
373 1292 511 1372 doleant,
534 1317 598 1359 non
620 1293 660 1359 ob
683 1295 762 1361 alios
784 1295 853 1360 fere
867 1306 969 1360 morte
984 1294 1135 1360 conscita.
1157 1295 1191 1359 A
1206 1293 1310 1360 Grae·
1325 1311 1359 1355 as

190 1396 235 1462 eis
258 1406 291 1460 et
311 1394 426 1459 noxias
446 1394 563 1460 herbas
586 1396 819 1463 demonstratas
833 1397 930 1461 miror
950 1396 1109 1480 equidem,
1131 1419 1191 1462 neo
1212 1420 1311 1462 vene-

189 1520 304 1563 norum
331 1505 465 1575 tantum,
495 1498 646 1581 quoniam
675 1521 712 1563 sa
738 1498 823 1563 vitae
852 1497 990 1564 conditio
1012 1508 1061 1564 est
1082 1508 1119 1562 ut
1139 1499 1220 1564 mori
1241 1499 1312 1584 ple·

189 1620 322 1683 rumque
349 1596 444 1662 etiam
471 1600 609 1684 optumis
641 1610 753 1685 portus
787 1601 843 1677 sit,
871 1654 911 1663 -
940 1596 1101 1684 traditque
1127 1599 1175 1665 M.
1206 1599 1312 1664 Varro

189 1699 338 1766 Servium
362 1696 511 1765 Clodium
533 1701 672 1785 equitem
693 1700 873 1766 Romanum
896 1701 1115 1787 magnitudine
1138 1700 1257 1766 doloris
1278 1701 1312 1765 in

188 1802 333 1889 podagra
354 1811 499 1866 eoactum
521 1824 644 1867 veneno
660 1825 754 1868 arura
768 1802 959 1888 perunxisse
982 1813 1013 1867 et
1034 1812 1147 1887 postea
1168 1803 1311 1869 corruisse

189 1926 285 1969 sensu
305 1902 392 1967 omni
414 1925 515 1987 aeque
536 1926 632 1987 quam
654 1904 761 1971 dolore
783 1904 818 1968 in
840 1926 878 1969 ea
900 1912 992 1988 parte
1013 1903 1172 1990 eorporis3
1189 1958 1229 1967 -
1253 1902 1311 1968 sed
1324 1917 1358 1962 aa

189 2025 270 2088 quae
291 2003 353 2068 fuit
376 1997 469 2069 venia
489 2005 699 2083 monstrandi,
726 2028 790 2090 qua
815 2014 938 2070 mentes
962 2006 1172 2084 solverentur,
1199 2016 1311 2090 partus

188 2105 392 2183 eliderentur,
415 2105 579 2188 multaque
603 2105 738 2171 similia?
773 2104 848 2192 Ego
870 2127 931 2171 neo
952 2105 1099 2172 abortiva
1120 2106 1190 2170 dieo
1212 2128 1249 2171 ae
1270 2127 1311 2170 ne

188 2205 341 2271 amatoria
363 2205 503 2288 quidem,
525 2228 646 2272 memor
668 2206 842 2272 Lucullum
864 2207 1077 2292 inperatorem
1100 2206 1310 2272 clarissimum

187 2307 342 2373 amatorio
362 2306 496 2391 perisse,
518 2327 578 2371 neo
598 2308 661 2371 alia
681 2308 808 2394 magias
829 2318 990 2393 portenta,
1012 2308 1075 2372 nisi
1096 2308 1153 2373 ubi
1169 2306 1311 2374 cavenda

188 2419 263 2474 sunt
284 2416 340 2472 aut
360 2407 573 2492 coarguenda,
601 2407 636 2471 in
662 2408 775 2492 primis
800 2408 864 2474 fide
892 2430 1002 2473 eorum
1024 2408 1184 2476 damnata.
1221 2406 1311 2474 Satis

187 2532 305 2596 operae
332 2507 429 2572 fuerit
455 2506 646 2592 abundeque
674 2519 871 2594 praestatum
900 2510 991 2576 vitae
1014 2509 1163 2576 salutaris
1186 2509 1311 2576 dixisse

186 2631 225 2674 ae
244 2620 358 2696 postea
378 2609 533 2674 inventas.

230 2710 290 2777 IV.
319 2711 349 2775 8.
380 2707 568 2777 Clarissima
593 2710 766 2778 herbarum
794 2722 843 2778 est
864 2712 1006 2778 Homero
1028 2723 1110 2780 teste
1132 2734 1229 2799 quam
1250 2734 1308 2778 vo·
1322 2726 1354 2772 26

221 2886 236 2949 ξ
250 2889 290 2934 2³.
309 2883 488 2948 reputationem,
496 2886 530 2936 V.
544 2926 575 2936 ..
594 2884 703 2937 urmcrcri
711 2885 789 2947 sortus,
801 2902 824 2936 a.
842 2885 935 2935 mauis
946 2885 1011 2949 ortus,
1024 2888 1048 2937 d.
1066 2885 1175 2936 lausus
1186 2883 1266 2947 lustra
1274 2886 1309 2936 V.

188 2992 219 3001 ..
237 2966 358 3015 casusque,
369 2950 444 3002 Vad.
467 2968 544 3014 casus,
557 2955 588 3004 T.
607 2994 639 3004 -
663 2960 758 3017 atquae
770 2953 871 3014 eiaova,
889 2956 925 3005 ita
937 2969 985 3004 nos
996 2956 1148 3019 scripsimus.
1171 2960 1194 3002 at
1209 2969 1271 3017 quaa
1286 2960 1310 3002 et

187 3035 255 3082 noua,
267 3020 301 3070 V.
319 3027 342 3069 et
353 3035 414 3083 quae
425 3036 493 3082 aava,
506 3022 558 3072 To.
576 3027 671 3084 atquae
682 3020 786 3082 nomina,
799 3035 844 3085 ar.
866 3028 890 3069 et
900 3022 995 3070 aomina
1007 3038 1077 3085 quae,
1089 3017 1118 3082 β.
1136 3019 1199 3070 Eii.
1212 3036 1234 3071 e.
1246 3020 1308 3072 sorti

187 3088 321 3149 humanae,
339 3089 365 3137 in
381 3088 457 3139 sortis
474 3090 600 3138 humanae
612 3090 756 3152 perniciem.
776 3128 809 3138 -
834 3088 1006 3150 milia‚VTd.
1033 3089 1069 3139 ad
1084 3088 1170 3150 millia,
1186 3083 1257 3153 adr.
1275 3128 1308 3138 -

185 3152 308 3218 stultitiae,
322 3148 451 3207 evaso.
468 3155 577 3216 stultitia,
589 3156 685 3208 Sessor.
694 3152 724 3218 β.
737 3197 768 3206 -
784 3163 871 3220 potest,
879 3157 913 3207 V.
947 3156 1012 3218 assit,
1025 3158 1096 3208 Tad.
1110 3163 1199 3221 posset,
1210 3156 1309 3207 Sessar.

187 3262 220 3271 ..
236 3239 335 3284 sauss.
355 3222 480 3283 suus,Vd.
500 3265 527 3272 -
549 3221 625 3285 ada.
643 3225 747 3286 ac,Vd.
766 3265 798 3273 -
817 3222 900 3286 etloc,
940 3225 1024 3275 VTd.
1048 3223 1111 3273 etde
1122 3223 1173 3284 loo,
1185 3219 1257 3288 assr.
1276 3262 1309 3273 ..

186 3289 247 3350 aevi,
259 3305 283 3340 s.
301 3298 350 3352 aut,
366 3283 477 3341 OVTd.
495 3290 543 3352 aui,
555 3287 585 3352 β.
603 3292 648 3354 usi,
660 3309 680 3342 r.
698 3291 768 3346 vitae,
780 3293 859 3342 Hard.
878 3332 910 3342 -
928 3291 1095 3356 experimenta,
1110 3285 1211 3342 Orat.
1229 3289 1308 3354 sapri-

186 3365 271 3418 menta,
280 3358 316 3407 V.
334 3357 496 3421 asperimonte,
507 3354 537 3419 β,
551 3399 582 3408 ..
600 3359 733 3422 asperrimi,
744 3360 820 3410 Vad.
839 3359 989 3423 asperrimos,
1000 3356 1050 3424 βγ.
1065 3399 1094 3408 ..
1114 3375 1132 3407 a
1142 3357 1271 3418 stillicidio,
1284 3374 1308 3408 a.

186 3440 204 3472 a
218 3423 306 3486 stillici,
322 3426 378 3475 Vd.
404 3423 509 3486 stilicio,
525 3426 621 3477 Sessar.
648 3443 678 3475 ac
693 3425 848 3488 stillicidium,
864 3444 883 3478 r.
909 3425 1052 3476 mualarum
1069 3425 1160 3476 uesicae
1176 3424 1308 3475 cumatilli-

186 3490 257 3570 cidio,
269 3493 302 3542 K.
317 3532 352 3620 ᾗ.
371 3491 413 3555 qus'
422 3493 500 3557 capita
510 3491 596 3556 doleat,
609 3510 628 3544 r.
646 3535 679 3544 ..
697 3495 725 3542 ol>
736 3493 805 3556 alios,
818 3496 863 3545 ad.
885 3495 917 3544 ab
927 3492 984 3557 atio,
996 3495 1030 3545 V.
1048 3535 1081 3544 -
1099 3493 1211 3556 conscita,
1225 3487 1307 3545 OVd.

186 3567 313 3620 conatus
362 3595 368 3608 .

220 3629 288 3690 524.
311 3574 411 3690 Afom.
424 3643 447 3677 a.
465 3668 498 3678 -
521 3626 685 3690 demostratus,
696 3628 730 3678 V.
748 3668 780 3678 ..
799 3627 914 3692 equidem,
926 3644 949 3679 s.
973 3626 1109 3692 etquidem,
1121 3630 1175 3680 Vd.
1195 3668 1227 3679 ...
1244 3628 1308 3679 virae

186 3691 296 3754 conditio,
308 3696 342 3744 V.
360 3694 599 3755 nuntiavissent.
618 3737 650 3744 -
668 3692 770 3759 optimis,
786 3687 901 3747 OVTd?
912 3695 1001 3760 optimi,
1013 3692 1085 3760 ufir.
1104 3696 1211 3761 optim,
1222 3698 1256 3748 Κ.
1274 3736 1307 3745 .-

182 3769 262 3825 potus,
275 3762 328 3812 Td.
341 3804 372 3813 -
393 3762 518 3826 traditque,
534 3755 594 3813 OV.
613 3762 749 3826 tradatque,
761 3760 854 3828 adssr.
873 3804 904 3814 ..
922 3764 969 3826 M,
982 3780 1033 3814 om.
1045 3764 1079 3814 V.
1093 3805 1124 3814 ..
1142 3780 1260 3826 venenum,
1272 3762 1306 3812 V.

220 3831 288 3893 §25-
314 3832 511 3890 memoro,Vsd.
535 3870 566 3879 ..
592 3829 788 3892 Lucillum‚Vd.
813 3872 845 3881 -
868 3831 967 3895 parasse,
978 3833 1012 3882 V.
1035 3830 1144 3896 periisse,
1160 3828 1255 3896 adstr.
1274 3871 1306 3881 -

186 3896 372 3961 suspica-ubi,
386 3899 440 3948 Va
463 3896 548 3962 mauis,
560 3914 583 3948 a.
602 3940 634 3947 -
649 3899 737 3962 suerit,
749 3900 782 3949 V.
801 3898 862 3961 suit,
875 3895 967 3963 sdflr.
986 3940 1018 3950 -
1032 3907 1190 3963 praestatum,
1207 3892 1306 3948 OVsd.

184 3965 337 4027 praestitum,
353 3961 404 4028 βγ.
426 4005 458 4014 -
480 3965 594 4028 posterus,
606 3967 639 4016 Κ.
657 3983 704 4031 pro
720 3981 763 4027 ea,
782 3968 851 4016 Pint.
875 3968 990 4030 Vulgata
1007 3968 1131 4031 scriptura
1146 3983 1205 4017 aum
1220 3975 1307 4030 aperte

186 4033 219 4082 sit
235 4042 362 4096 conupta,
377 4041 468 4082 neutra
483 4041 568 4082 umen
584 4034 685 4083 illarum
697 4035 836 4085 lectionum
848 4033 1024 4085 difficultatem
1037 4036 1091 4087 eius
1103 4036 1183 4098 tollit3
1202 4035 1263 4099 quid
1273 4035 1307 4084 sit

186 4101 375 4160 restituendum,
387 4115 440 4149 non
451 4099 539 4163 liquet.
558 4141 589 4149 ..
608 4100 722 4162 inventas,
734 4117 757 4151 a.
775 4101 877 4163 iuuenta,
890 4103 924 4152 V.
944 4101 1059 4164 iuuentae,
1072 4106 1096 4153 d.

220 4169 234 4231 ς
247 4171 288 4217 26.
310 4165 459 4227 Clarissima,
471 4169 554 4218 VTd.
576 4166 717 4229 Lutarius,
730 4184 753 4218 s.
775 4167 968 4231 Laudatisu‘ma,
980 4172 1051 4221 codd.
1064 4169 1121 4220 Gal.
1133 4165 1184 4235 βγ.
1203 4210 1235 4223 ,..
1252 4169 1307 4220 Ho-

184 4250 247 4283 mero
260 4235 352 4298 odyss.
363 4248 379 4280 κ
404 4238 462 4284 302.
486 4235 607 4286 Ceterum
623 4238 680 4286 add.
698 4236 814 4288 Dioscor.
830 4244 855 4297 3,
873 4241 913 4288 st.
938 4276 973 4289 ‚.
1002 4244 1065 4297 teste,
1082 4238 1166 4288 VTd.
1188 4238 1277 4290 Omitt
1290 4253 1307 4287 a

185 4303 271 4365 (codd.
285 4271 396 4363 Geldd.
421 4342 450 4351 -
473 4318 490 4351 a
505 4300 628 4366 diisputae,
644 4305 697 4355 Va.
720 4302 832 4368 disputat,
845 4306 869 4354 d.
895 4345 925 4353 ..
952 4311 1123 4367 contraquaa.
1146 4313 1304 4368 contraquam,
