2918 4800
406 308 474 353 cru.
490 307 602 352 xxvn.
633 305 711 351 aar.
727 307 749 351 1.
765 306 802 350 11.
832 302 929 350 sacr.
947 305 964 345 1.
978 305 995 346 2.
1199 288 1259 350 211

143 458 238 523 modo
261 456 398 522 diversis
413 456 495 521 inter
517 479 551 521 se
573 456 666 522 terris
681 456 897 541 gentibusque
912 476 1023 519 verum
1038 454 1131 519 etiam
1146 455 1261 518 montis
1298 534 1301 538 Δ

144 572 176 624 et
197 558 385 624 excedentia
404 557 439 621 in
461 558 557 623 uubis
578 558 655 645 iuga
676 554 862 642 partusque
874 579 983 620 eorum
1006 565 1037 621 et
1050 555 1167 621 herbas
1182 578 1261 639 quo-

143 684 205 746 que
220 661 357 726 invicem
372 668 558 723 ostentante.
582 656 771 737 Aeternum,
793 680 924 742 quaeso,
941 657 1076 722 deorum
1091 658 1132 721 sit
1146 681 1262 722 munus

143 762 242 828 istudl
267 762 347 826 adeo
369 760 530 825 Romanos
551 760 639 824 velut
659 759 789 824 alteram
810 761 914 824 lucem
936 759 1064 827 dedisse
1083 757 1180 824 rebus
1202 758 1262 824 hu-

143 862 245 928 manis
267 862 424 927 videntur.

186 964 232 1028 II.
261 965 290 1028 2.
319 961 386 1029 Sed
413 961 614 1046 antiquorum
641 984 751 1027 euram
780 962 1042 1048 diligentiamque
1070 964 1143 1047 quis
1164 963 1293 1049 possiti

145 1067 223 1132 satis
245 1063 405 1131 venenarii
444 1063 579 1128 Constat
600 1064 741 1127 omnium
767 1086 963 1129 venenorum
986 1065 1172 1130 ocissimum
1194 1087 1265 1131 esse

145 1167 307 1232 aconitum
329 1178 360 1231 et
382 1165 472 1229 tactis
494 1186 621 1248 quoque
642 1164 836 1252 genitalibus
858 1164 1003 1230 feminini
1027 1188 1123 1231 sexus
1144 1167 1265 1230 anima-

144 1267 224 1333 lium
246 1267 360 1332 eodem
381 1266 433 1330 die
455 1265 572 1330 inferre
594 1277 739 1330 mortem.
771 1265 846 1331 Hoc
866 1266 926 1331 fuit
948 1290 1109 1332 venenum
1129 1289 1193 1351 quo
1214 1267 1265 1330 in·

146 1379 316 1456 teremptas
338 1368 525 1433 dormientis
547 1365 756 1453 aCalpumio
771 1367 885 1432 Bestia
905 1391 1023 1434 uxores
1040 1369 1087 1432 M.
1106 1366 1266 1434 Caecilius

146 1481 314 1536 accusator
340 1468 458 1535 obiecit
465 1494 474 1546 ;
501 1469 576 1534 hinc
602 1469 656 1534 illa
678 1479 768 1534 atrox
790 1469 951 1555 peroratio
973 1471 1043 1536 eius
1063 1471 1097 1533 in
1119 1469 1265 1557 digitum.
1361 1509 1364 1517 ·

147 1564 264 1638 Ortum
284 1571 410 1636 fabulae
431 1593 601 1637 narravere
623 1594 640 1634 s
663 1570 785 1657 spumis
809 1568 943 1636 Cerberi
971 1572 1059 1636 oanis
1082 1570 1268 1636 extrahente

146 1672 187 1737 ab
214 1671 324 1737 inferis
346 1672 487 1737 Hercule
515 1672 650 1755 ideoque
677 1671 764 1757 apud
786 1671 979 1737 Heracleam
1000 1671 1185 1749 Ponticam,
1212 1671 1268 1737 ubi

146 1782 340 1837 monstratur
354 1772 383 1837 is
398 1774 439 1837 ad
460 1773 579 1838 inferos
601 1773 718 1851 aditus,
741 1772 844 1860 gigni.
868 1772 941 1838 Hoc
956 1794 1084 1858 quoque
1106 1783 1212 1836 tamen
1234 1772 1296 1836 ino

147 1896 225 1938 usus
247 1873 404 1939 humanae
427 1875 539 1939 salutis
563 1886 703 1951 vertere,
733 1873 940 1960 scorpionum
965 1872 1084 1938 ictibus
1106 1873 1269 1938 adversari

147 1975 341 2061 experiendo
364 1976 474 2039 datum
495 1975 528 2039 in
549 1975 624 2040 vino
647 1975 759 2040 calido.
783 1974 834 2039 Ea
849 1986 899 2040 est
918 1984 1031 2038 natura
1051 1984 1087 2038 ut
1107 1973 1268 2039 hominem

147 2076 282 2154 occidat,
304 2076 366 2141 nisi
387 2077 545 2141 invenerit
567 2078 654 2161 quod
675 2078 708 2141 in
722 2076 850 2141 homine
865 2076 1009 2161 perimat.
1033 2072 1117 2139 Cum
1140 2096 1179 2139 eo
1201 2073 1268 2137 solo

181 2253 232 2314 §3.
256 2248 398 2309 leuinias.
418 2290 448 2298 -
471 2247 582 2311 diuersos,
594 2251 626 2300 K.
646 2291 676 2298 -
700 2248 784 2297 montis
796 2256 825 2311 et,
843 2251 887 2299 ad.
914 2256 1042 2309 manaret,
1060 2249 1133 2297 codd.
1146 2246 1203 2297 Gal.
1216 2240 1266 2308 βγ.

149 2317 240 2379 mantra
256 2311 315 2368 BV.
335 2358 366 2366 -
385 2318 464 2379 naba,
477 2318 524 2367 Vd
536 2315 624 2379 (codd.
638 2313 708 2378 Gel.)
725 2314 804 2378 audis,
816 2333 840 2367 a.
858 2317 963 2378 nubebus,
975 2334 995 2366 r.
1009 2357 1039 2366 ..
1055 2323 1193 2379 pastusque,
1205 2330 1267 2363 r...

149 2400 235 2443 cautu,
246 2386 273 2502 lt
281 2383 367 2447 (codd.
380 2383 449 2448 Gel.)
476 2400 563 2447 eurum,
576 2386 610 2437 V.
636 2400 746 2448 meorum,
762 2401 785 2434 a.
809 2399 928 2449 pactum,
945 2401 964 2434 r.
983 2426 1014 2434 ..
1038 2383 1212 2445 Aeternumque
1226 2378 1270 2430 sed

147 2467 234 2512 eorum,
273 2488 280 2502 .
800 2477 802 2482 ν

183 2554 238 2614 §a
262 2551 365 2601 arraudi
380 2551 550 2617 liberiumque,
566 2556 591 2605 d.
609 2595 640 2603 -
664 2554 779 2603 merari
800 2550 904 2616 Constat,
920 2546 997 2605 9Τά
1023 2553 1133 2603 senaari
1146 2567 1197 2602 cum
1213 2567 1267 2600 coa-

149 2626 206 2680 stat,
218 2620 273 2669 Va.
292 2620 408 2682 uenerari,
419 2637 471 2668 cum
483 2629 578 2679 constet,
589 2617 640 2685 βγ.
653 2662 684 2670 -
701 2619 835 2686 pestilibus,
847 2623 883 2671 a¹.
901 2661 931 2672 ..
943 2620 1053 2686 sauleis,
1064 2621 1098 2671 V.
1112 2661 1143 2669 ..
1161 2619 1269 2668 iuterem-

146 2693 211 2750 pras,
224 2703 247 2736 a.
274 2686 429 2750 interemptos,
442 2690 464 2736 d.
492 2688 643 2750 interemptu,
655 2690 688 2739 V.
707 2728 738 2738 ..
760 2686 904 2750 dormientis,
915 2690 960 2739 ad.
978 2688 1068 2740 Omitt.
1083 2681 1216 2751 Ovupp.
1235 2725 1267 2736 ..

151 2751 279 2814 Caecilius,
299 2755 438 2804 Ruhnken.
454 2759 487 2804 ad
502 2755 570 2806 Vell.
588 2761 611 2816 2,
625 2760 665 2806 68.
683 2758 807 2820 probante
823 2756 909 2807 Garat.
927 2757 958 2805 ad
976 2756 1029 2807 Cic.
1044 2756 1101 2806 Mil.
1116 2761 1155 2805 14.
1170 2771 1196 2819 p.
1209 2757 1267 2803 207.

149 2821 247 2879 edon,
257 2824 300 2884 qui
310 2830 439 2885 praeterea
449 2831 522 2872 notat
531 2836 558 2872 se
567 2823 594 2871 in
605 2823 716 2873 editione
728 2823 814 2889 aliqua
825 2831 956 2873 enotatam
968 2838 982 2873 e
994 2824 1071 2872 veteri
1084 2823 1171 2873 codice
1178 2822 1267 2873 lectio-

148 2904 208 2938 nem
228 2889 354 2940 inrenisse
374 2887 489 2938 Caecilius
509 2890 622 2954 syllabae
639 2889 663 2938 α’
684 2891 785 2954 punctis
807 2891 937 2951 subiectis,
965 2891 1034 2954 qnod
1056 2905 1106 2954 quo
1129 2890 1268 2940 eonsilioa

147 2956 256 3005 librariis
271 2958 323 3017 fiat,
340 2965 431 3006 notum
449 2964 494 3006 est.
516 2958 554 3007 At
569 2972 593 3005 r.
605 2959 701 3022 Meyer.
712 2958 803 3022 fragm.
817 2966 891 3008 oratt.
903 2958 979 3008 Rom.
990 2974 1016 3023 p.
1031 2963 1086 3007 194.
1099 2959 1159 3008 coll.
1171 2973 1195 3020 p.
1211 2961 1266 3007 199.

149 3063 180 3071 ..
196 3031 315 3085 perorato,
328 3025 362 3074 V.
382 3065 412 3073 ..
434 3024 459 3072 iu
471 3023 578 3088 digitum.
598 3023 689 3085 Orturu
702 3026 754 3075 Τά.
780 3025 805 3073 in
821 3022 919 3090 digitum
931 3032 1053 3086 marana,
1064 3026 1091 3074 V
1102 3022 1204 3086 (ultima
1215 3039 1268 3073 vox

149 3104 181 3138 ex
193 3089 391 3152 emendatione).
413 3090 438 3138 iu
450 3090 548 3155 digitum
561 3100 692 3140 enotetum
704 3099 743 3142 est
755 3107 789 3142 ex
803 3085 837 3155 03
855 3095 886 3144 de
898 3093 1011 3156 sequenti
1023 3096 1085 3142 vo'ce
1097 3107 1148 3140 nou
1161 3099 1266 3140 constat.

149 3156 174 3204 iu
185 3155 260 3220 diqito
271 3165 392 3219 marcum,
408 3156 493 3222 αδρφ
509 3157 611 3221 (omues
628 3161 700 3209 codd.
714 3159 820 3210 Salmas.
837 3174 920 3211 exerc.
936 3175 961 3224 p.
976 3165 1034 3210 622.
1045 3159 1070 3208 b.
1082 3157 1130 3220 A.)
1153 3157 1177 3205 iu
1194 3156 1267 3220 dipia

148 3223 335 3285 mortuaumnl.
363 3225 388 3273 ia
405 3225 478 3288 dipito
494 3241 535 3273 eas
549 3226 704 3287 mortuus,K
731 3225 756 3273 in
771 3224 846 3290 digito
861 3233 974 3288 maluae,
986 3221 1015 3287 β.
1041 3225 1099 3286 eius,
1116 3241 1144 3273 en
1160 3223 1266 3287 diyitum,

149 3291 256 3341 Salmas.
275 3291 300 3339 iu
311 3289 410 3356 diqitum
422 3294 541 3342 mantum.
559 3291 675 3353 Fabulae,
689 3293 813 3344 Gronov.:
832 3293 970 3355 „maritalis
982 3293 1059 3343 officii
1070 3293 1171 3356 locique
1183 3293 1267 3356 specie

148 3359 327 3422 parricidsm”;
350 3368 376 3409 at
388 3361 510 3423 quidquid
522 3362 564 3409 hic
577 3361 649 3420 dicit,
667 3361 827 3423 participium
843 3368 917 3409 atum
935 3361 1017 3410 omitti
1033 3375 1086 3409 non
1101 3367 1195 3424 potest.
1217 3359 1267 3408 Sed

148 3439 205 3474 cum
223 3426 250 3474 in
267 3427 413 3476 universnm
430 3429 510 3488 locus,
529 3429 565 3477 nti
577 3429 628 3476 iam
639 3428 739 3490 legitur,
752 3436 821 3478 recte
833 3444 859 3478 se
871 3429 972 3487 habeat,
989 3429 1102 3490 aliquam
1113 3435 1199 3476 tamen
1211 3440 1267 3474 cor·

147 3493 273 3555 ruptelam
291 3495 392 3544 subesse
409 3495 524 3544 arbitror.
542 3495 608 3544 Nam
622 3494 742 3557 perarata
757 3493 801 3543 ella
816 3494 841 3543 ia
852 3493 949 3559 digitum
964 3496 1113 3560 simpliciter
1123 3495 1160 3544 sic
1171 3495 1267 3542 dictum

147 3560 268 3622 languere
288 3563 387 3610 videtur
409 3571 434 3610 et
455 3563 515 3625 ipsis
533 3563 647 3611 codicum
664 3562 776 3624 vestigiis
797 3577 827 3611 ea
846 3564 994 3613 ducentibus
1011 3564 1122 3613 Plinium
1140 3561 1268 3625 scripsisse

148 3634 211 3689 puto
228 3626 253 3674 iu
272 3625 369 3690 diuitum
387 3628 540 3692 malderum.
562 3628 652 3689 Ortum,
669 3638 776 3693 utraque
793 3645 855 3679 voce
872 3638 901 3680 nt
917 3632 1057 3680 sexcenties
1073 3632 1100 3680 in
1116 3644 1193 3679 unam
1206 3642 1266 3677 con-

148 3698 236 3742 tracta.
269 3694 318 3744 Illa
334 3710 393 3744 vero
411 3694 529 3759 mortfferi
543 3698 682 3760 appellatio
700 3711 731 3746 eo
748 3698 921 3760 fitacerbior,
944 3700 965 3748 si
981 3698 1142 3751 meminimus
1160 3696 1268 3759 digitum

150 3760 259 3810 indicem
275 3762 363 3824 pollici
379 3764 533 3825 proximum,
553 3779 604 3826 quo
623 3766 676 3814 sine
694 3765 771 3813 dubio
789 3764 941 3828 Calpurnius
958 3766 985 3814 in
1001 3764 1112 3815 nefando
1128 3779 1175 3813 suo
1193 3777 1268 3826 opere

60 3871 63 3875 .
79 3846 81 3850 ·
150 3827 276 3887 nubatur,
295 3829 370 3878 etiam
385 3827 512 3878 salutarem
526 3832 620 3881 dictum
632 3831 722 3892 luisse,
740 3847 763 3880 v.
776 3831 865 3881 Isidor.
878 3833 959 3894 origg.
971 3832 1018 3882 XI.
1034 3837 1056 3893 1,
1070 3837 1109 3883 70.
1127 3831 1186 3887 col-l.
1198 3831 1267 3879 Ech-

150 3901 283 3958 termeyer.
296 3894 353 3942 siber
361 3894 456 3945 Numen
468 3896 519 3945 aad
529 3896 680 3961 symbolisclc
690 3896 831 3962 Bedeutunq
843 3897 885 3946 der
893 3899 983 3964 Fiuqcr
994 3916 1019 3964 p.
1030 3904 1069 3949 18.
1087 3898 1160 3948 Halia
1172 3898 1267 3948 Saxon.

148 3965 232 4076 :3qu
244 3969 375 4077 „vastum
389 3961 515 4025 tradidere,
528 3965 560 4014 K.
580 4006 611 4013 -
630 3964 749 4028 espumis,
765 3957 872 4016 OVTd.
894 3966 990 4028 spumis,
1003 3983 1026 4016 a.
1048 3982 1065 4014 a
1080 3964 1176 4027 spumis,
1188 3961 1216 4026 β.
1236 4005 1267 4014 -

200 4044 208 4075 e
232 4044 251 4087 s,
291 4065 297 4078 .

150 4129 253 4244 Piguit&
266 4135 363 4192 vabre,
380 4145 403 4179 a.
430 4138 513 4193 velue,
529 4131 562 4180 V.
589 4138 684 4192 veteres,
701 4134 724 4182 d.
748 4171 778 4182 ..
807 4132 920 4183 inuenerit
936 4133 961 4182 in
976 4132 1065 4182 lamine
1081 4132 1144 4197 quad
1156 4134 1268 4197 perimat,

1047 4266 1063 4298 ἦ
