2918 4800
362 307 431 352 ura.
447 306 535 352 xxx.
564 303 643 352 cir.
660 305 721 351 v11.
738 304 812 352 vm.
845 302 941 351 sncr.
958 305 1041 348 roua
1199 288 1261 352 399

142 459 280 526 calculos
302 456 479 544 pellendos,
502 456 585 521 item*
599 456 693 542 hydri
715 458 804 524 iecur
825 455 893 522 bibi
915 455 966 521 vel
989 455 1193 542 scorpionum
1215 456 1260 522 ci-

140 583 248 626 nerem
271 570 326 624 aut
346 560 379 624 in
402 580 486 643 pane
509 559 592 624 sumi
607 560 659 624 vel
675 559 702 624 si
716 559 789 643 quis
804 581 876 624 cum
891 559 1014 624 locusta
1028 557 1095 622 edit
1104 581 1113 634 ;
1136 559 1260 645 lapillos
1276 576 1307 621 ar

141 663 197 747 qui
217 663 252 727 in
274 662 520 749 gallinaceorum
543 660 651 726 vesica
671 670 728 726 aut
748 660 782 724 in
804 658 1002 744 palumbium
1017 660 1194 726 ventriculo
1209 661 1260 725 in-

141 764 311 829 veniantur
335 762 457 829 conteri
486 771 519 826 et
548 762 670 846 potioni
696 761 859 848 inspergi,
893 761 971 826 item
999 761 1216 827 membranum
1244 785 1262 827 e

141 867 318 932 ventriculo
340 863 510 952 gallinacei
532 864 655 928 aridam
669 865 732 941 vel,
755 863 782 929 si
797 884 909 928 recens
925 863 975 942 sit,
999 873 1114 928 tostam
1121 889 1129 940 ;
1152 864 1262 929 fimum

141 990 268 1053 quoque
289 967 509 1054 palumbinum
536 966 570 1030 in
597 965 674 1031 faba
703 965 787 1031 sumi
813 975 926 1030 contra
954 965 1094 1031 calculos
1123 978 1156 1030 et
1184 966 1262 1032 alias

141 1069 344 1134 difficultates
365 1070 506 1146 vesicae,
531 1067 678 1133 similiter
699 1068 880 1154 plumarum
902 1067 1041 1132 cinerem
1063 1068 1261 1153 palumbium

140 1172 279 1236 ferorum
300 1192 340 1234 ex
362 1180 453 1236 aceto
475 1170 578 1235 mulso
601 1180 632 1235 et
652 1170 878 1235 intestinorum
904 1192 944 1234 ex
971 1169 1021 1234 his
1048 1170 1184 1234 cinerem
1207 1192 1261 1234 co-

141 1273 300 1338 clearibus
321 1272 440 1350 tribus3
464 1294 482 1335 e
503 1272 579 1337 nido
601 1271 808 1337 hirundinum
823 1271 1004 1358 glaebulam
1024 1271 1158 1335 dilutam
1179 1293 1263 1355 aqua
1277 1286 1309 1333 os

142 1374 256 1451 calida,
278 1373 427 1461 ossifragi
449 1382 593 1439 ventrem
615 1373 803 1450 arefactum,
827 1373 962 1439 turturis
976 1372 1086 1438 fimum
1107 1374 1140 1437 in
1159 1373 1263 1438 mulso

141 1475 307 1542 decoctum
329 1477 380 1541 vel
400 1475 503 1560 ipsius
525 1476 684 1540 discoctae
698 1476 759 1540 ius.
782 1475 911 1540 Turdos
925 1497 1053 1559 quoque
1069 1475 1174 1541 edisse
1190 1499 1264 1541 oum

142 1578 231 1644 bacis
254 1578 351 1663 myrti
373 1577 508 1662 prodest
528 1577 653 1656 urinae,
676 1576 805 1643 cicadas
827 1573 928 1641 tostas
950 1576 985 1641 in
999 1577 1137 1663 patellis,
1160 1579 1262 1643 mille-

84 1691 95 1712 ‘
140 1680 260 1766 pedam
296 1679 426 1744 oniscon
457 1678 581 1744 bibisse
613 1688 644 1743 et
670 1678 703 1741 in
736 1678 863 1743 vesicae
899 1677 1063 1742 doloribus
1095 1679 1263 1744 decoctum

142 1782 331 1867 agninorum
347 1779 476 1866 pedum.
498 1779 618 1845 Alvom
632 1781 693 1845 ciet
714 1779 964 1867 gallinaceorum
987 1779 1199 1844 discoctorum
1212 1782 1263 1846 ius

142 1891 175 1947 et
195 1883 280 1948 acria
301 1881 413 1958 mollit,
436 1881 498 1946 ciet
520 1891 552 1946 et
574 1881 780 1946 hirundinum
801 1880 913 1945 fimum
935 1881 1059 1947 adiecto
1078 1881 1171 1946 melle
1187 1882 1264 1948 sub-

142 1983 213 2048 ditu
248 2031 255 2047 .
875 2004 878 2008 ·

186 2087 237 2149 22.
266 2082 362 2150 Sedis
393 2084 481 2149 vitiis
509 2082 734 2149 efficacissima
761 2095 836 2148 sunt
863 2107 1035 2170 oesypum,
1062 2139 1104 2148 ..
1132 2085 1263 2168 quidam
1279 2102 1310 2145 ss

144 2186 286 2251 adiciunt
314 2186 562 2274 pompholygem
590 2194 621 2249 et
647 2206 822 2262 rosaceum,
846 2240 887 2249 ..
910 2187 1014 2250 canini
1036 2186 1149 2273 capitis
1172 2187 1263 2263 cinis,

145 2297 274 2352 senecta
298 2288 455 2372 serpentis
478 2310 519 2352 ex
541 2298 642 2364 aceto,
666 2286 693 2350 si
707 2286 869 2374 rhagades
885 2287 959 2365 sint,
983 2287 1063 2353 cinis
1078 2287 1144 2353 fimi
1159 2288 1265 2353 canini

144 2388 271 2453 candidi
293 2412 365 2454 cum
388 2410 532 2466 rosaceo,
555 2388 708 2471 aiuntque
729 2389 893 2453 inventum
915 2389 1092 2475 Aesculapi
1113 2411 1185 2454 esse
1208 2411 1263 2453 eo-

144 2490 279 2574 demque
293 2502 325 2556 et
339 2513 490 2556 verrucas
505 2489 722 2555 efficacissime
736 2489 814 2567 tolli,
835 2491 954 2554 murini
968 2490 1034 2554 fimi
1057 2491 1148 2569 einis,
1172 2490 1264 2576 adips

144 2593 251 2680 cygni,
274 2593 367 2678 adips
388 2592 501 2658 bovae.
527 2591 730 2656 Prouidentia
751 2591 797 2656 ibi
820 2608 916 2656 sucus
937 2593 1117 2659 coclearum
1138 2591 1264 2677 punctis

144 2797 258 2848 VRTd.
271 2798 370 2848 cinnam
382 2801 536 2863 scorpionum,
548 2794 600 2864 βγ.
612 2839 644 2850 ..
658 2807 702 2848 aut
712 2799 745 2861 in,
755 2800 878 2851 VR'Td.
896 2807 946 2862 aut,
955 2801 1003 2850 R2.
1022 2799 1054 2862 in,
1065 2796 1116 2864 βγ.
1135 2801 1262 2849 Deaut..

144 2863 183 2912 vel
193 2881 216 2914 v.
230 2868 316 2916 adnot.
329 2873 370 2917 80.
387 2869 476 2917 indicis
487 2869 546 2917 libri
558 2873 598 2917 ³5.
622 2907 653 2916 ..
676 2867 736 2930 quia,
752 2869 815 2918 VR
834 2884 887 2931 quc,
900 2870 924 2919 d.
944 2909 973 2918 ..
993 2884 1058 2930 cum3
1074 2883 1120 2932 pro
1139 2869 1166 2917 h.
1178 2883 1200 2916 v.
1218 2868 1263 2918 ha-

144 2934 205 2981 bent
217 2940 244 2980 at
254 2934 338 2985 VRd.
358 2974 389 2982 ..
407 2933 470 2994 edat,
483 2937 515 2984 K

179 3018 247 3078 §aa
266 3015 376 3079 lapillus,
394 3018 438 3067 Rc
463 3058 494 3066 ..
517 3017 559 3080 qai
573 3017 609 3078 ia,
627 3018 677 3066 13².
694 3015 748 3080 qui,
763 3018 862 3068 VR'd.
881 3057 911 3066 ..
933 3017 1041 3081 pollinae
1057 3031 1143 3076 corum,
1155 3017 1211 3065 Vd.
1232 3057 1263 3065 .-

145 3081 244 3140 υεείοαε,
256 3082 310 3132 Ra.
329 3083 439 3145 nasicae,
451 3084 484 3133 V.
503 3091 590 3144 ventre,
602 3083 636 3134 Κ.
655 3123 686 3132 -
701 3081 865 3146 pullumbium,
877 3085 910 3132 V.
924 3124 955 3132 ..
968 3091 997 3144 et,
1008 3085 1032 3132 R
1041 3086 1080 3133 ²d.
1098 3082 1131 3143 in,
1143 3083 1218 3132 VR¹.
1232 3124 1263 3132 .-

142 3147 242 3213 potioni,
255 3150 280 3199 R
291 3146 338 3212 (ox
350 3150 428 3215 corr.)
442 3150 567 3214 potionem
580 3152 604 3199 d.
619 3149 748 3214 poticam,
760 3150 793 3198 V.
806 3190 838 3200 ..
851 3148 986 3212 ventriculo,
998 3151 1052 3201 Rd.
1069 3148 1203 3198 vacieno.
1221 3147 1264 3198 In-

145 3216 270 3266 ueniuntur
289 3217 377 3266 contem'
396 3226 419 3266 et
437 3217 554 3281 potionem
574 3215 687 3282 inspergi,
699 3217 733 3266 V.
753 3257 784 3265 ..
808 3223 877 3279 tosta,
892 3217 977 3267 VRd.
1001 3258 1032 3267 -
1056 3216 1137 3265 tribua.
1159 3215 1187 3264 E
1199 3215 1264 3279 nida,

144 3285 269 3336 Harduin.
288 3285 361 3334 tribua
372 3302 384 3334 e
396 3284 460 3348 nido,
472 3280 501 3347 β.

181 3379 249 3440 §aa
267 3377 409 3439 lrundinum,
422 3378 454 3427 V.
473 3419 503 3428 -
527 3375 644 3441 glebulam
661 3375 769 3438 dilutam,
781 3378 860 3428 Hard.
882 3375 990 3442 Gryllum
1007 3375 1113 3436 dilutum,
1126 3370 1176 3436 dss.
1198 3375 1264 3427 Gril-

145 3441 191 3492 lum
203 3442 313 3508 dirutum,
329 3440 417 3506 OVR,
435 3447 471 3496 ita
486 3452 516 3495 ul
531 3446 591 3494 binc
607 3460 675 3494 nova
690 3446 809 3508 periodus
821 3446 932 3509 incipiat.
950 3446 1020 3495 Fons
1033 3445 1216 3494 emendationis
1228 3454 1265 3495 est

144 3512 210 3561 Plin.
222 3514 309 3565 Valer.
322 3521 346 3575 2,
359 3520 403 3564 ³9:
421 3513 460 3564 Da
476 3511 532 3561 nida
549 3511 683 3561 hirundinis
696 3511 795 3576 glebula
810 3510 888 3568 diluta
899 3529 928 3560 aa
939 3528 1004 3576 aqua
1015 3509 1096 3560 calida
1107 3512 1203 3573 bibitum
1223 3527 1264 3562 ea·

145 3580 202 3627 dem
219 3584 296 3632 tradit
311 3582 452 3631 Marcellus
464 3581 551 3644 empir.
564 3587 604 3630 26.
617 3595 642 3643 p.
657 3583 713 3630 17o.
728 3621 758 3629 -
771 3576 896 3642 macetum,
909 3595 960 3629 cm.
972 3581 1016 3630 R¹.
1028 3622 1059 3629 -
1082 3578 1176 3640 lurda,
1188 3580 1264 3629 VR¹.

145 3687 175 3694 ..
195 3646 302 3711 milipedi
313 3649 453 3709 amoniaca,
465 3648 549 3699 VRd.
568 3646 727 3710 multipedam,
740 3648 774 3697 Κ.
793 3688 825 3697 ..
843 3647 888 3697 ciat
902 3646 1096 3711 gallinaceorum,
1107 3647 1161 3697 Rd.
1180 3647 1226 3696 aiat
1242 3655 1265 3695 et

145 3712 374 3776 gallinaceorumV
392 3713 475 3778 (codd.
490 3712 559 3776 Gel.)
579 3755 610 3764 ..
628 3712 750 3775 cauditum,
762 3715 796 3764 V.

179 3851 248 3912 §tta
262 3848 450 3914 pompholygem,
462 3851 568 3901 Barbur.
588 3808 705 3913 paphiam
722 3852 753 3901 R.
772 3848 922 3914 pomparum,
943 3843 1002 3900 BV.
1023 3849 1175 3914 pompelum,
1187 3851 1212 3899 d.
1232 3889 1262 3900 .-

143 3938 297 4005 raparav.
309 3918 471 4010 rapaffluefsfs,
483 3944 515 3992 R.
535 3983 566 3992 ...
584 3942 706 4005 aiuntque,
717 3943 751 3992 R.
772 3941 846 4001 aiunt,
859 3942 913 3992 Vd.
933 3983 963 3991 -
982 3943 1107 4002 inventum,
1119 3944 1143 3992 d.
1161 3942 1263 4003 inventu,

143 4010 193 4059 1³².
211 4009 311 4069 invento,
322 4010 399 4059 VR¹.
419 4049 450 4058 ..
468 4008 604 4073 Aescolapi,
616 4011 650 4060 V.
669 4049 700 4058 ..
719 4006 843 4072 eodemque
855 4015 884 4070 et,
901 4002 1038 4060 OVRTd.
1056 4017 1079 4058 et
1090 4009 1176 4066 codam,
1187 4006 1216 4071 β.
1231 4050 1262 4061 ..

136 4075 206 4138 fimo,
219 4078 275 4127 Vd.
294 4117 325 4125 ..
344 4074 415 4139 adips
427 4076 503 4140 cygni,
515 4092 566 4126 cm.
578 4077 623 4127 Iu.
642 4115 674 4126 ..
692 4074 764 4139 adips
777 4077 839 4138 bove,
851 4078 914 4127 VR.
933 4074 1007 4141 adeps
1019 4078 1080 4137 bave,
1092 4080 1116 4127 d.
1133 4094 1211 4127 secum
1224 4079 1262 4126 bo-

143 4143 188 4205 vis,
199 4138 251 4207 βγ.
271 4185 301 4193 ..
326 4142 481 4192 Prccidentia
497 4141 543 4205 ui,
561 4140 696 4206 virdun
703 4157 732 4206 φ.
750 4142 892 4193 Prouidenti
907 4143 964 4206 alui,
981 4147 1017 4194 d'.
1040 4144 1189 4196 &cadentis
1205 4144 1263 4207 alvi,

144 4212 189 4261 Td
197 4216 214 4261 ².
232 4209 388 4262 Prouidentia
400 4209 457 4272 alui,
469 4206 498 4273 β.
