2918 4800
199 319 258 381 142
549 333 752 380 unruasms
774 332 970 380 marcatas

197 486 282 554 Sunt
304 484 381 552 folia
406 482 566 549 brassicae
592 483 722 561 latiora,
750 482 867 569 pilosa,
896 480 997 548 caulis
1019 493 1157 561 erectus,
1185 482 1317 550 cubitali

196 588 338 675 amplior,
361 608 469 652 semen
490 586 620 672 nigrum
641 584 765 663 inutile,
788 584 881 649 radix
903 607 967 648 una
982 584 1193 650 crassitudine
1214 585 1317 673 digiti.

195 689 380 757 Nascuntur
403 699 435 754 et
456 687 489 752 in
504 687 745 773 campestribus.
770 683 918 752 Silvestri
932 685 1008 752 folia
1023 685 1218 770 elelisphaci‚
1242 687 1317 766 alta,
1373 714 1384 727 ⁸

194 790 291 855 ramis
311 788 456 875 lignosis.
935 810 939 819 ·
1392 781 1400 788 ’

237 893 287 956 14.
316 890 401 957 Sunt
424 899 456 956 et
477 890 655 975 phlomides
678 889 761 956 duas
782 889 934 967 hirsutae,
963 888 1109 954 rotundis
1134 888 1229 965 foliis,
1255 888 1316 953 hu·
1333 907 1379 952 121

193 994 301 1070 miles3
325 993 420 1058 tertia
441 991 592 1076 lychnitis
613 1001 756 1070 vocatur,
778 991 819 1057 ab
841 991 913 1056 aliis
936 990 1090 1075 thryallis,
1111 989 1197 1055 foliis
1216 991 1317 1056 ternis

193 1106 250 1160 aut
271 1117 345 1160 cum
365 1092 549 1179 plurumum
572 1092 746 1176 quaternis,
774 1092 892 1158 crassis
917 1091 1169 1180 pinguibusque,
1199 1092 1241 1156 ad
1266 1091 1317 1156 lu-

193 1217 362 1262 cernarum
384 1195 506 1260 lumina
527 1195 621 1280 aptis.
657 1194 762 1259 Aiunt
783 1195 816 1259 in
837 1194 921 1260 foliis
949 1193 1018 1259 eius
1047 1215 1143 1277 quam
1165 1192 1316 1258 feminam

194 1296 333 1360 diximus
354 1296 435 1360 ficus
456 1289 584 1362 omnino
605 1319 670 1362 non
690 1306 883 1383 putrescere.
905 1295 1074 1382 Distingui
1096 1317 1216 1381 genera
1238 1293 1318 1358 haec

193 1420 296 1485 paene
324 1419 556 1484 supervacuum
585 1407 649 1476 est,
679 1420 751 1462 oum
779 1398 843 1462 sint
869 1396 976 1462 omnia
1003 1396 1146 1462 eiusdem
1173 1397 1316 1462 effectus.

195 1495 319 1564 Contra
340 1499 524 1584 scorpiones
547 1498 667 1565 bibitur
688 1497 781 1563 radix
802 1521 876 1563 oum
903 1508 977 1564 ruta
1003 1521 1044 1564 ex
1072 1521 1169 1583 aqua,
1198 1521 1317 1586 magna

194 1601 414 1666 amaritudine·
428 1599 486 1665 sed
508 1601 626 1666 effectu
648 1600 730 1686 pari.

237 1703 288 1768 75.
317 1701 550 1788 Thelyphonon
571 1701 671 1768 herba
692 1702 734 1768 ab
755 1700 827 1767 aliis
854 1702 1004 1788 scorpion
1031 1710 1165 1767 vocatur
1185 1713 1317 1790 propter
1332 1720 1380 1764 raa

194 1804 434 1870 similitudinem
447 1804 573 1869 'radicis
596 1803 688 1869 ouius
710 1813 798 1868 tactu
824 1803 1003 1869 moriuntur
1025 1804 1226 1890 scorpiones3
1253 1806 1316 1870 ita-

193 1926 256 1989 que
278 1917 388 1971 contra
409 1927 521 1971 eorum
542 1906 624 1972 ictus
646 1904 778 1971 bibitur.
802 1903 1011 1990 Scorpionem
1027 1916 1188 1970 mortuum
1203 1906 1230 1970 si
1245 1907 1317 1991 quis

192 2006 352 2073 helleboro
363 2007 501 2072 candido
511 2006 601 2085 linat,
614 2004 813 2073 revivescere
824 2006 922 2071 aiunt.
946 2006 1180 2091 Thelyphouon
1192 2030 1317 2074 omnem

166 2131 169 2169 ;
192 2109 422 2195 quadripedem
442 2118 536 2173 necat
555 2107 696 2195 inposita
717 2107 867 2173 verendis
881 2108 1000 2185 radice,
1022 2107 1099 2174 folio
1117 2109 1247 2194 quidem
1265 2110 1316 2174 in·

193 2221 242 2275 tra
265 2211 402 2275 eundem
423 2210 518 2288 diem,
542 2210 628 2294 quod
650 2220 700 2275 est
715 2209 815 2275 simile
831 2209 1018 2293 cyclamino.
1041 2209 1120 2296 Ipsa
1133 2210 1317 2298 geniculata

83 2328 89 2337 ‘
193 2312 336 2377 nascitur
361 2311 396 2375 in
423 2311 543 2397 opacis.
589 2308 819 2397 Scorpionibus
846 2310 1034 2376 adversatur
1064 2322 1096 2377 et
1123 2311 1316 2379 Vettonicae

194 2423 291 2478 sucus
313 2434 352 2477 ac
373 2411 577 2498 plantaginis.
1286 2425 1290 2429 '

238 2514 287 2577 76.
316 2509 401 2577 Sunt
427 2522 460 2578 et
484 2513 572 2578 ranis
601 2535 741 2592 venena,
768 2513 891 2580 rubetis
918 2536 1085 2592 maxume,
1115 2514 1317 2600 vidimusque
1331 2530 1380 2575 121

193 2613 323 2699 Psyllos
345 2615 378 2678 in
399 2615 570 2680 certamine
598 2615 716 2701 patinis
743 2615 941 2682 candefactis
968 2615 1184 2695 admittentis,
1212 2617 1317 2682 ociore

194 2716 289 2781 etiam
311 2738 406 2800 quam
429 2716 577 2802 aspidum
598 2716 750 2803 pernicie.
788 2716 977 2783 Auxiliatur
998 2716 1159 2802 phrynion
1185 2719 1219 2784 in
1241 2719 1316 2783 vino

192 2826 281 2902 pota,
304 2871 344 2880 ..
366 2816 465 2900 aliqui
487 2818 628 2882 neurada
648 2818 822 2904 appellant,
845 2818 898 2884 alii
912 2819 1070 2907 poterion,
1092 2818 1225 2885 floribus
1239 2840 1315 2904 par-

220 3020 294 3086 solio,
304 3024 335 3073 T.
348 3065 379 3074 ..
398 3023 464 3085 etin,
476 3028 508 3076 Β.
524 3026 558 3087 in,
570 3027 625 3077 Vd.
645 3067 676 3075 ..
694 3024 858 3090 olelssplmcia,
870 3026 953 3076 VRd.

227 3090 313 3152 §l2l.
329 3090 547 3156 plomides,VRd.
572 3135 602 3143 -
626 3092 782 3156 liranus.
804 3136 836 3144 ..
865 3093 966 3155 humilta,
979 3095 1011 3144 Β.
1034 3135 1064 3144 -
1089 3093 1265 3160 lycnitis,VR.
1285 3135 1316 3144 -

192 3158 296 3224 priollir,
309 3160 365 3210 Vd.
381 3159 520 3224 amoliass.
545 3203 575 3212 ..
592 3160 673 3225 foliis,
686 3164 709 3212 d.
720 3161 878 3225 floris,VR.
902 3203 933 3211 ..
957 3161 1083 3223 mantili.
1108 3204 1139 3212 ..
1162 3170 1221 3224 rute,
1234 3163 1265 3212 Β.
1284 3204 1315 3212 ...

193 3227 278 3292 effecta
287 3226 353 3291 pari,
364 3229 396 3278 Β.
414 3228 499 3292 eyfeota
507 3229 582 3293 parit,
595 3230 628 3280 V.
647 3230 753 3294 effectam
763 3229 839 3294 parit,
851 3230 904 3280 Τὰ.

228 3299 242 3360 ξ
257 3302 313 3346 122.
340 3295 521 3361 Thelyphonom
544 3312 665 3348 conversa
677 3299 741 3348 haec
753 3305 813 3349 sunt
823 3313 856 3348 ex
868 3298 1000 3362 Theophr.
1012 3298 1071 3349 hist.
1083 3299 1163 3362 plant.
1176 3297 1224 3348 IX.
1239 3302 1278 3359 18,
1292 3305 1316 3348 2.

193 3364 253 3414 coll.
265 3365 380 3414 Dioscor.
394 3371 418 3426 4,
433 3367 472 3414 77.
494 3364 646 3430 1111191111,
660 3367 684 3416 d.
701 3364 849 3431 Helyyonon,
860 3366 893 3415 V.
913 3364 1059 3431 thqyyonom
1068 3367 1100 3416 Β.
1114 3406 1146 3415 -
1160 3364 1237 3427 liniat,
1250 3369 1274 3415 d.
1286 3407 1316 3414 ..

193 3430 343 3491 revivescere,
354 3432 408 3481 Rd.
426 3432 570 3495 reviviscere,
584 3429 644 3495 Vst.
663 3475 694 3482 -
716 3432 872 3499 Thelyponoa
885 3434 968 3483 VRd.
988 3475 1020 3483 -
1043 3432 1173 3498 cyclamino
1184 3433 1316 3498 111111191-

193 3498 308 3558 virolam,
320 3501 353 3549 K.
375 3539 402 3547 ..
429 3499 562 3562 Vetonicoe,
574 3502 637 3551 VR.
662 3501 796 3561 Vectonioe‚
808 3504 832 3551 d.

229 3570 243 3631 ξ
257 3571 313 3616 123.
332 3565 427 3627 rubetis,
440 3569 543 3618 Barbar.
562 3568 683 3632 rubetinr'a
696 3571 720 3618 d.
738 3567 847 3630 rvltimis,
859 3571 890 3620 R.
909 3567 1004 3630 alamir,
1017 3570 1051 3619 V.
1063 3610 1093 3618 ..
1106 3567 1316 3633 candefactis‚V².

193 3632 356 3697 candefactos,
368 3631 513 3701 V'Rdflr.
532 3678 563 3685 -
586 3636 819 3700 ociore-pernicia
837 3644 942 3702 apparet
953 3638 1066 3687 Plinium
1079 3638 1161 3687 dicere
1173 3637 1317 3686 1111111111-

194 3718 250 3752 sum
268 3705 413 3752 rubetarum
429 3705 634 3767 perniciosiorem
650 3706 726 3755 etiarn
743 3719 797 3754 esse
813 3720 889 3768 quam
901 3705 1023 3768 aspidum.
1042 3704 1097 3754 Iam
1109 3721 1168 3755 vero
1181 3706 1316 3768 quaeritur,

195 3770 253 3819 eui?
270 3770 397 3834 Psyllisne
408 3772 477 3834 ipsis,
492 3774 523 3821 de
536 3774 626 3836 quibua
637 3773 725 3821 locum
738 3787 793 3822 esse
804 3773 998 3835 intelligendum
1009 3773 1086 3822 verba
1096 3773 1121 3821 in
1134 3773 1260 3821 certamine
1272 3771 1316 3820 od-

194 3835 310 3886 mittentes
327 3839 436 3888 docent?
453 3840 492 3889 At
502 3840 553 3889 hoc
565 3843 710 3891 adversatur
720 3840 760 3901 iis,
773 3855 838 3905 qnae
850 3855 908 3890 oum
920 3839 963 3888 alii
975 3842 1110 3904 scriptores
1122 3843 1250 3905 permulti,
1263 3849 1317 3890 tum

195 3905 249 3969 ipae
260 3906 358 3955 Plinius
369 3908 464 3970 passim
476 3910 508 3958 de
523 3908 547 3955 vi
559 3908 706 3972 Psyllorum
719 3909 835 3958 omnibus
851 3908 1009 3972 serpentibus
1020 3909 1141 3973 pestifera
1152 3911 1316 3959 tradiderunt.

194 3974 279 4024 Locus
294 3973 380 4035 igitur,
396 3989 472 4038 quem
485 3977 535 4024 iam
548 3975 694 4026 Schneider.
712 3979 744 4026 ad
756 3975 863 4026 Nicand.
877 3976 989 4039 alexiph.
1005 3992 1030 4041 p.
1043 3979 1102 4026 217.
1121 3993 1147 4027 11
1159 3993 1212 4027 non
1224 3978 1317 4027 intelli-

195 4056 254 4105 gere
271 4040 399 4103 professus
416 4051 462 4104 est,
479 4044 539 4093 satis
555 4059 649 4107 magna
660 4046 803 4108 corruptela
815 4059 849 4094 ax
861 4045 953 4094 lacuna
964 4052 1021 4094 orta
1031 4046 1148 4095 laborare
1159 4047 1265 4096 videtur.
1285 4085 1315 4094 ..

195 4107 345 4168 novitiam,
357 4111 470 4159 VRTd.
488 4110 628 4160 Aavilsotnr
640 4111 680 4173 eis,
691 4106 778 4176 βγ...
787 4110 914 4176 phrynion,
924 4113 1028 4162 Barbar.
1039 4113 1092 4163 Td.
1108 4112 1219 4179 phyrion,
1228 4106 1317 4162 OVR.

195 4217 227 4226 -
246 4175 362 4237 neurada,
375 4177 494 4229 Dioscor.
506 4183 530 4240 3,
546 4185 583 4230 15.
602 4195 705 4239 neuram,
716 4181 741 4229 d.
759 4187 854 4242 natura,
866 4180 928 4229 VR.
943 4219 973 4228 -
988 4179 1103 4242 poterion,
1116 4184 1189 4231 codd.
1202 4181 1317 4231 Barbari.

192 4243 318 4359 ppetireton5
331 4245 392 4294 VR.
408 4244 547 4309 potirecton,
559 4248 583 4298 d.
602 4288 632 4299 ..
644 4245 748 4311 solibus,
760 4248 792 4297 Β.
812 4287 842 4296 -
858 4262 969 4310 parvum,
985 4239 1094 4300 OVRd.
1109 4290 1140 4300 ..
1153 4249 1273 4310 olentibus,
1283 4249 1317 4299 V.

196 4327 209 4359 o
232 4310 312 4373 ntium,
325 4313 379 4363 Rd.
