2918 4800
194 289 233 356 16
545 302 749 350 siruamus
772 301 968 350 msroamu

193 465 375 523 excesserat
396 454 591 521 medicorum
612 455 645 520 in
667 453 717 518 his
739 453 916 530 ostentatio,
940 454 1036 519 veluti
1060 476 1077 519 e
1097 456 1190 542 napis
1205 456 1315 522 vinum

191 557 270 623 utile
292 578 364 622 esse
383 555 423 622 ab
438 578 599 621 armorum
614 553 821 640 equitandive
835 554 1026 624 lassitudine
1041 557 1314 644 praecipientium,

191 668 296 743 atque,
318 668 355 722 ut
367 656 491 740 reliqua
512 656 706 735 omittamus,
730 655 827 722 etiam
849 679 867 721 e
888 656 1044 743 iunipero.
1067 656 1112 721 Et
1127 658 1199 742 quis
1214 660 1315 727 satius

193 768 321 826 censeat
341 756 514 845 apsinthite
536 758 612 825 vino
632 757 788 823 utendum
809 757 918 844 potius
938 779 1031 843 quam
1047 759 1208 846 apsinthio
1223 760 1314 848 ipso?

192 858 231 925 In
252 859 384 945 reliquis
413 859 578 926 omittatur
607 870 639 925 et
668 860 828 946 palmeum
856 858 954 946 capiti
987 859 1121 927 noxium
1147 863 1314 948 ventrique
1328 879 1359 925 sa

190 972 318 1027 tantum
347 960 520 1028 molliendo
552 972 583 1027 et
615 960 805 1048 sanguinem
837 961 1080 1030 exscreantibus
1100 986 1164 1030 non
1189 964 1312 1032 inutile.

190 1062 361 1129 Ficticium
383 1084 448 1127 non
469 1073 576 1148 potest
599 1062 699 1127 videri
719 1062 806 1146 quod
827 1060 902 1127 bion
924 1065 1167 1151 appellavimus,
1182 1088 1256 1133 cum
1271 1070 1313 1134 sit

189 1165 223 1230 in
252 1187 291 1231 eo
321 1163 388 1230 sola
415 1186 475 1250 pro
501 1175 569 1229 arte
593 1163 772 1241 festinatio;
805 1162 939 1250 prodest
968 1164 1130 1231 stomacho
1156 1167 1312 1235 dissoluto

191 1277 248 1331 aut
262 1265 351 1331 cibos
366 1288 431 1332 non
449 1266 637 1353 perficienti,
659 1266 924 1354 praegnantibus,
947 1266 1092 1346 defectis,
1114 1269 1312 1354 paralyticis,

192 1366 351 1446 tremulis,
384 1366 554 1456 vertigini,
587 1367 792 1446 torminibus,
832 1367 1032 1446 ischiadicis3
1065 1370 1099 1434 in
1132 1370 1313 1456 pestilentia

188 1489 316 1554 quoque
334 1491 376 1534 ac
396 1468 709 1557 peregrinationibus
731 1469 796 1535 vim
823 1491 972 1556 magnam
994 1470 1170 1537 auxiliandi
1192 1470 1311 1538 habere

189 1569 318 1636 dicitur.

232 1671 391 1739 ruvini
417 1671 512 1738 etiam
540 1671 655 1738 vitium
677 1672 791 1738 transit
811 1673 847 1737 in
868 1673 1020 1739 remedia.
1056 1674 1160 1741 Aeeto
1187 1698 1312 1743 summa
1324 1686 1356 1733 ⁵4

151 1797 154 1805 ·
188 1775 238 1840 vis
260 1784 310 1840 est
330 1774 364 1839 in
384 1774 614 1862 refrigerando,
636 1796 701 1839 non
722 1784 830 1839 tamen
850 1775 954 1841 minor
973 1775 1008 1840 in
1023 1775 1241 1853 discutiend03
1263 1775 1310 1841 ita

186 1876 223 1942 fit
250 1887 286 1942 ut
311 1876 419 1942 infuso
447 1885 532 1942 terra
558 1886 695 1963 spumet
732 1873 867 1941 Dictum
894 1888 943 1941 est
969 1876 1096 1964 saepius
1123 1877 1310 1963 diceturque

185 1979 335 2064 quotiens
357 2001 430 2045 cum
451 1978 522 2044 aliis
549 1977 668 2065 prosit3
698 1999 757 2063 per
784 2000 819 2043 se
845 1975 995 2043 haustum
1017 1979 1146 2044 fastidia
1167 1978 1308 2061 discutit,

187 2080 346 2168 singultus
368 2080 505 2159 cohibet,
530 2089 748 2146 sternumenta
769 2078 952 2145 olfactatum
959 2105 968 2158 3
991 2080 1024 2145 in
1046 2079 1181 2147 balineis
1199 2094 1309 2148 aestus

82 2186 87 2195 “
185 2193 283 2262 arcet,
307 2183 334 2248 si
357 2181 558 2247 contineatur
579 2203 644 2247 ore.
668 2179 757 2263 Quin
778 2192 811 2246 et
832 2203 904 2246 cum
927 2203 1011 2267 aqua
1031 2183 1168 2261 bibitur3
1190 2184 1308 2250 multo·

184 2307 257 2348 rum
280 2281 443 2348 stomacho
465 2281 586 2347 utiliter
606 2282 841 2369 gargarizatur,
864 2305 938 2348 cum
953 2284 1065 2349 eadem
1081 2286 1307 2351 convalescen-

187 2384 266 2448 tium
288 2393 321 2448 et
342 2405 362 2446 a
384 2382 460 2448 solis
482 2381 661 2448 ardoribus.
685 2381 799 2448 Oculis
820 2405 948 2466 quoque
970 2384 1024 2449 illo
1046 2385 1140 2450 modo
1164 2386 1307 2452 saluber·
1321 2397 1352 2444 tt

186 2486 303 2550 rimum
324 2485 408 2563 fotn3
432 2484 579 2549 medetur
599 2494 695 2571 potae
716 2483 869 2561 hirudini,
891 2483 968 2550 item
989 2484 1097 2572 lepris,
1119 2485 1306 2564 furfuribus,

185 2585 346 2652 ulceribus
372 2585 594 2665 manantibus,
628 2585 717 2651 cauis
743 2584 919 2664 morsibus,
953 2587 1157 2674 scorpionum
1178 2587 1307 2666 ictibus,

189 2687 481 2774 scolopendramm,
504 2686 604 2753 muris
619 2686 728 2752 aranei
743 2697 918 2773 contraque
932 2688 1074 2754 omnium
1089 2690 1307 2756 aculeatorum

186 2809 311 2854 venena
326 2798 358 2856 et
370 2792 523 2878 pruritus,
546 2791 622 2857 item
644 2800 754 2855 contm
773 2789 967 2877 multipedae
981 2813 1131 2857 morsum.
1156 2788 1306 2857 Calidum

218 2997 324 3061 cuspis,
339 2999 443 3050 Barbar.
465 2996 491 3046 ia
506 2997 638 3063 apiavd.
658 3039 688 3047 -
706 2996 830 3062 equitandi
846 2996 889 3061 vel,
905 2999 940 3050 V.
966 3040 996 3050 ..
1024 3007 1047 3049 et
1062 2998 1178 3064 iunipiuo,
1192 2998 1249 3060 Vd.
1273 3038 1304 3047 ..

183 3063 220 3114 Et
234 3063 331 3130 siquis,
348 3069 372 3117 d.
392 3107 423 3116 ..
441 3066 560 3128 obseruate,
577 3066 611 3116 V.
629 3107 660 3116 ..
679 3066 792 3128 absentio,
804 3066 838 3117 V.

218 3135 286 3197 558.
305 3134 434 3194 omittatur,
451 3135 474 3184 d.
497 3134 622 3195 omittetur,
638 3128 689 3199 βγ.
702 3135 760 3185 Om.
772 3135 806 3185 V.
830 3176 862 3185 -
879 3132 1000 3194 morando,
1017 3134 1121 3186 Cornan
1139 3149 1172 3184 ex
1187 3135 1304 3184 Dioscor.

185 3207 208 3262 s,
221 3208 264 3252 40:
282 3201 365 3250 ποιῶν
378 3198 448 3267 πρὸς
475 3196 680 3264 superamare
693 3198 814 3268 στύφειν.
833 3203 904 3254 Idem
916 3203 956 3252 vel
974 3200 1076 3252 molliori
1090 3203 1211 3268 proponit
1222 3201 1302 3253 Hard.

184 3310 215 3320 ..
234 3270 403 3319 amoenatur.
454 3286 483 3319 on
500 3269 583 3319 inutile
590 3269 718 3334 ficticium,
735 3271 767 3320 K.
791 3313 822 3320 -
846 3269 985 3332 Factim'um,
1001 3271 1051 3321 V2.
1074 3311 1105 3321 -
1130 3268 1304 3335 appellavimus

184 3341 224 3397 lt,
239 3341 277 3389 77.
298 3380 329 3388 ..
338 3337 466 3404 festinato,
477 3339 511 3388 V.
530 3378 562 3389 ...
576 3338 720 3403 perficiente,
732 3340 766 3389 V.
785 3380 816 3388 -
834 3337 952 3399 rcicdicis,
965 3339 1020 3390 Vd.

217 3406 284 3469 §st
304 3405 390 3455 mcumt
401 3414 424 3455 et
433 3406 468 3469 iu,
480 3408 510 3458 T.
531 3447 561 3457 -
583 3414 625 3468 est,
638 3409 662 3457 d.
680 3415 709 3468 et,
721 3408 755 3457 V.
778 3448 809 3457 ..
832 3406 917 3468 maior,
928 3407 962 3458 V.
985 3448 1016 3457 ..
1039 3407 1247 3471 infusctmu,K.
1266 3406 1302 3456 ia-

174 3473 236 3537 fuso
248 3481 333 3535 terroe,
344 3475 401 3526 Vd.
413 3473 515 3536 irffusum
528 3481 612 3536 terrae,
649 3489 675 3540 γ.
693 3474 778 3538 quofit
788 3482 815 3524 ut
826 3483 891 3523 terra
902 3491 1009 3538 respersu
1020 3482 1087 3524 aceto
1097 3482 1194 3538 spernet,
1207 3475 1302 3526 OelV.

183 3542 224 3602 st,
234 3548 257 3591 4.
276 3583 306 3593 ..
326 3542 510 3606 quotiescumque
521 3539 593 3603 alsus,
631 3578 638 3592 .
655 3542 839 3605 quotiescumque
850 3540 909 3603 ulio,
920 3542 954 3591 V.
972 3541 1160 3604 quotiescumque
1170 3541 1222 3602 clii,
1234 3543 1259 3590 d.
1270 3582 1302 3590 ..

182 3607 280 3670 cohibet,
292 3610 365 3660 V²d.
379 3607 495 3674 proturbet,
509 3602 582 3658 OV'.
601 3649 632 3658 ..
650 3616 817 3668 stemuureutc,
828 3609 864 3659 ita
875 3623 922 3658 nos
934 3608 1087 3671 scripsimus.
1108 3614 1301 3668 manummerias,

182 3671 287 3742 Vdssr.
305 3677 366 3727 Vid
378 3679 411 3728 ad
423 3683 464 3737 82,
476 3682 516 3728 28.
535 3717 566 3726 ..
590 3692 604 3725 o
624 3682 737 3737 aetatum,
752 3677 789 3725 ita
800 3690 847 3724 nos
864 3674 1018 3738 scripsimus.
1035 3672 1136 3736 cymmi
1146 3673 1202 3734 uiui,
1214 3673 1248 3723 V.
1267 3673 1301 3722 ol·

174 3742 267 3806 soetst.
287 3744 348 3808 Vim,
360 3747 384 3795 (1.
402 3743 499 3807 effectu
518 3743 579 3804 Vim,
616 3757 641 3808 γ.
655 3784 686 3792 -
703 3742 736 3802 iu,
749 3744 773 3792 d.
786 3742 845 3794 Om.
858 3742 892 3791 V.
904 3781 937 3791 ..
949 3741 1035 3790 bibitur
1045 3739 1130 3790 multis.
1145 3739 1203 3790 Cum
1213 3748 1301 3790 stomu-

184 3810 236 3861 tim's
248 3810 336 3861 utiliter
345 3811 523 3878 qarqariecuer.
545 3809 624 3861 Cutem
637 3826 683 3859 acu
694 3809 797 3859 vetretum
810 3817 886 3858 tuetur
897 3824 914 3857 a
925 3806 990 3870 solis,
1001 3809 1034 3860 K.

216 3881 232 3943 ξ
245 3886 285 3929 55.
302 3878 489 3942 saluberrimum,
502 3872 613 3928 OVTd.
625 3877 716 3938 rimam,
728 3894 744 3928 a
754 3879 815 3927 hine
826 3893 912 3928 rursus
923 3877 1058 3942 iucipienm
1074 3891 1097 3925 v.
1110 3878 1143 3926 ed
1155 3879 1170 3942 ξ
1182 3879 1223 3928 37.
1235 3875 1300 3926 solu-

182 3946 307 3997 berrimum
314 3966 323 4009 ,·
336 3946 473 4012 plurimum,
484 3941 587 4012 θρφβ.
600 3945 703 4009 -sotu,
715 3947 802 4010 Tadp
808 3960 837 4009 φ.
848 3946 926 4010 foetu,
936 3942 964 3995 d.
973 3952 1041 4009 pom,
1054 3938 1108 3995 OV
1119 3942 1246 4007 (Mnrbac.
1258 3961 1299 4011 ap.

183 4015 289 4067 (iomar.
302 4018 334 4066 sd
346 4016 463 4066 Dioscor.
476 4021 500 4077 t,
513 4014 567 4078 17.)
585 4055 616 4065 -
641 4012 744 4063 medetur
756 4020 829 4078 potue
844 4011 959 4074 hirudiui,
975 4014 1054 4064 Hard.
1070 4010 1189 4073 mederum
1202 4012 1301 4077 prodest

182 4081 403 4143 consulentium,
415 4098 435 4132 r.
453 4080 556 4131 medetur
564 4090 619 4147 post
630 4080 757 4143 hirudines,
773 4074 795 4130 θ
810 4078 951 4145 (Mnrbac.)
968 4078 1072 4130 medetur
1085 4089 1140 4146 post
1154 4079 1298 4142 hirundines,

182 4152 237 4201 Tu.
250 4149 354 4199 medetur
362 4156 419 4215 post
428 4149 556 4212 iruudiaes,
568 4151 602 4201 V.
614 4149 718 4200 medetur
726 4158 782 4214 post
792 4148 909 4211 erudires,
920 4165 943 4199 a
955 4146 1067 4200 medetur.
1075 4146 1174 4213 prodest
1183 4147 1298 4211 erudires,

181 4215 209 4269 d.
221 4216 339 4279 medetur3
352 4215 450 4281 prodest
466 4225 549 4268 matra
564 4216 680 4279 erudires,
714 4233 742 4283 φ.
760 4216 865 4267 medetur
876 4224 931 4282 poet
947 4214 1063 4280 uredines,
1074 4211 1103 4278 β.
1120 4211 1297 4278 fidiliana-

181 4281 282 4344 seam
295 4281 553 4351 zumppopcriuerou
575 4281 669 4348 daoss'
700 4301 735 4350 st,
756 4285 874 4337 Dioscor.
893 4290 916 4347 5,
934 4291 975 4336 21.
1004 4284 1080 4348 Quos
1095 4285 1128 4334 ed
1148 4287 1296 4336 sententiam
