2918 4800
394 326 464 373 ma.
480 327 579 374 xxva
608 325 687 373 cnr.
703 328 809 375 1-111.
839 325 935 374 sacr.
951 327 973 371 a
989 327 1007 368 s.
1193 310 1255 374 163

132 479 175 546 ad
195 478 258 543 alia
277 499 375 563 quam
396 478 501 544 forum
525 477 650 564 sagacis
671 478 792 565 ingeni,
814 477 877 543 huo
900 500 933 543 se
951 488 1084 564 repente
1100 478 1257 544 convertit

132 591 239 665 atque,
261 592 297 645 ut
318 601 451 646 neeesse
473 590 541 645 erat
562 580 683 645 homini
704 579 760 664 qui
782 601 841 645 nec
855 579 889 643 id
906 580 1026 666 egisset
1040 603 1100 646 nec
1113 581 1256 646 remedia

131 694 241 748 nosset
262 680 363 748 oculis
384 704 509 767 usuque
530 681 748 769 percipienda,
772 681 904 746 torrenti
918 704 956 746 ao
970 682 1124 747 meditata
1139 683 1255 749 cotidie

131 785 274 851 oratione
303 784 470 849 blandiens
496 783 603 850 omnia
630 782 792 848 abdicavit
820 793 980 868 totamque
1001 784 1192 849 medicinam
1214 785 1256 874 ad

132 909 247 952 causas
261 887 443 952 revocando
458 887 657 952 coniecturae
670 884 762 964 feeit3
787 885 929 968 quinque
949 908 1000 951 res
1015 909 1164 952 maxume
1179 909 1255 951 con·
1270 905 1302 950 ta

131 988 276 1054 munium
297 988 489 1054 auxiliorum
511 988 692 1074 professus,
721 986 948 1052 abstinentiam
971 987 1049 1067 cibi,
1078 989 1156 1054 alias
1178 989 1256 1067 vini,

132 1090 330 1155 fricationem
352 1089 511 1176 corporis,
540 1088 804 1168 ambulationem,
834 1089 1046 1176 gestationes,
1075 1112 1157 1175 quae
1183 1112 1256 1154 oum

132 1192 353 1277 unusquisque
375 1191 585 1278 semetipsum
607 1190 669 1257 sibi
683 1202 847 1276 praestare
862 1213 960 1278 posse
973 1191 1183 1280 intellegeret,
1205 1191 1255 1256 fa

133 1293 282 1359 ventibus
310 1293 445 1372 cunctis,
473 1302 509 1358 ut
537 1303 647 1359 essent
675 1315 752 1357 vera
773 1315 856 1378 quae
882 1292 1032 1359 facillima
1054 1303 1154 1372 erant,
1182 1292 1256 1359 uni-

133 1417 263 1460 versum
287 1418 390 1482 prope
415 1395 592 1460 humanum
618 1417 722 1484 genus
756 1394 946 1484 circumegit
977 1397 1013 1460 in
1040 1418 1075 1462 se
1101 1419 1165 1461 non
1194 1395 1257 1461 alio

132 1498 227 1562 modo
250 1520 346 1581 quam
369 1499 397 1564 si
418 1499 506 1564 caelo
528 1497 688 1563 demissus
711 1497 905 1563 advenisset.

175 1599 206 1664 8.
235 1600 399 1666 Trahebat
419 1611 588 1686 praeterea
613 1599 731 1664 mentis
754 1599 888 1665 artificio
916 1599 1065 1678 mirabili,
1095 1599 1161 1664 iam
1181 1599 1258 1665 vina
1271 1617 1303 1660 14

133 1701 348 1785 promittendo
362 1701 469 1788 aegris
484 1700 868 1786 dandoquetempestive,
883 1700 948 1765 iam
963 1701 1113 1790 frigidam
1128 1723 1256 1786 aquam,

134 1813 165 1868 et
187 1804 338 1886 quoniam
360 1825 474 1870 causas
496 1802 679 1869 morborum
708 1802 845 1867 scrutari
872 1804 963 1888 prius
984 1802 1185 1888 Herophilus
1205 1804 1257 1867 in-

135 1905 291 1984 stituerat,
321 1905 388 1970 vini
410 1906 567 1971 rationem
588 1903 816 1969 inlustraverat
839 1901 1059 1990 Cleophantus
1081 1905 1167 1991 apud
1188 1904 1256 1989 pri-

134 2027 215 2084 seos,
245 2006 315 2093 ipse
338 2029 515 2095 cognomen
537 2005 579 2071 ab
600 2005 708 2093 aegris
729 2005 848 2090 frigida
869 2005 977 2070 danda
998 2006 1193 2092 praeferens,
1221 2014 1258 2068 ut

79 2138 83 2147 ·
134 2118 247 2173 auctor
269 2118 319 2174 est
340 2107 389 2173 M.
411 2108 527 2186 Varro,
556 2106 617 2172 alia
645 2129 771 2191 quoque
797 2106 1016 2173 blandimenta
1044 2105 1256 2192 excogitabat,

132 2206 196 2272 iam
219 2209 447 2296 suspendendo
468 2209 601 2274 lectulos
623 2229 760 2292 quorum
785 2206 944 2273 iactatura
970 2219 1026 2273 aut
1047 2206 1175 2273 morbos
1197 2229 1256 2270 ex·
1339 2292 1342 2297 Ι

134 2319 278 2376 tenuaret
306 2325 364 2377 aut
392 2333 521 2377 somnos
548 2309 708 2388 adlioeret,
736 2309 800 2374 iam
829 2309 961 2376 balneas
987 2309 1172 2376 avidissima
1196 2308 1255 2373 bo·

133 2487 259 2536 sexcentis
271 2485 366 2537 lactum
379 2496 424 2549 est,
440 2490 549 2552 primum
566 2488 591 2537 in
607 2485 748 2536 celebratum
765 2487 870 2547 coaluit3
888 2487 947 2536 inde
963 2502 1008 2551 per
1024 2487 1140 2537 librarios
1152 2482 1256 2533 celebro-

135 2560 183 2601 tam
195 2565 233 2604 est
244 2555 431 2618 interpolatum.
454 2554 627 2619 Herophiliqae
639 2570 781 2619 quamquam
789 2553 961 2614 „conditoria
979 2562 1034 2604 anm
1049 2569 1126 2603 omnes
1138 2551 1257 2602 celebrato

133 2619 249 2670 rationali
262 2621 291 2682 ei,
307 2624 374 2672 Pint.
397 2664 428 2673 ..
455 2621 552 2671 reddere
568 2639 675 2686 nomque,
693 2623 717 2671 R
733 2618 917 2685 (admarg.)a
943 2622 1026 2683 s5fere
1043 2636 1151 2684 nomque,
1164 2621 1188 2670 d.
1214 2617 1259 2667 sed

57 2706 61 2711 ·
130 2689 205 2751 freed
216 2693 239 2751 ᾇ,
251 2690 283 2740 Β.
300 2689 425 2754 sedsrena
436 2707 488 2752 que,
500 2692 526 2741 V
539 2689 610 2755 (post
620 2692 731 2741 litteram
743 2705 760 2737 a
772 2690 869 2740 duabus
881 2690 991 2740 tribusve
1003 2690 1094 2740 litteris
1106 2687 1204 2750 erasis).
1224 2727 1255 2736 ..

134 2755 293 2816 savaro.
320 2757 401 2820 inilia,
417 2772 461 2822 ar.
487 2757 524 2807 tis
536 2758 567 2820 in,
579 2755 607 2820 β
628 2799 660 2808 ...
686 2766 728 2807 aut
743 2755 835 2819 ditiom,
847 2760 871 2808 d.
890 2798 921 2808 ..
945 2758 1151 2822 opacissima
1168 2754 1256 2819 (codd.

102 2852 104 2857 ·
134 2822 205 2886 Get.)
223 2833 340 2888 operatas,
353 2843 376 2876 a.
394 2833 539 2890 occupatam,
551 2843 571 2876 r.
591 2866 622 2875 -
638 2826 747 2890 gravius,
760 2825 806 2875 R'.

168 2894 183 2956 ξ
197 2897 236 2942 12.
245 2892 344 2955 fimas,
355 2895 418 2944 VR.
432 2934 462 2943 ..
481 2894 612 2956 conferrae,
620 2894 655 2944 V.
668 2936 697 2945 ..
718 2891 833 2956 reliquias
844 2890 924 2953 donec,
937 2893 989 2942 Rd.
1007 2883 1129 2960 reliqussas
1141 2890 1221 2953 donec,
1229 2891 1257 2941 V

134 2956 230 3021 (littera
242 2960 253 3008 i
263 2959 354 3024 erasa).
382 2960 455 3010 donec
466 2960 578 3025 reliquas,
590 2978 613 3012 a.
632 2996 673 3011 „a
686 2968 783 3022 aetates,
796 2976 819 3010 a.
839 3001 870 3010 ..
893 2958 986 3020 orandi,
997 2961 1073 3010 VRd
1086 2959 1172 3023 (codd.
1185 2956 1256 3022 Gal.)

134 3025 232 3087 mande,
243 3043 267 3077 a.
284 3027 418 3088 rhetorices,
430 3046 449 3079 r.
469 3070 500 3078 ..
518 3036 571 3077 orte
582 3045 619 3091 eo,
631 3030 714 3080 VRd.
733 3035 844 3086 artesae,
856 3044 879 3078 a.
898 3042 927 3076 ea
936 3035 1014 3092 parte,
1024 3029 1056 3078 T.
1074 3043 1120 3075 mon
1131 3025 1192 3075 satis
1204 3034 1257 3074 orte

133 3110 164 3212 ii
171 3103 325 3225 diioedlfflff'
336 3098 428 3226 itjr
433 3090 893 3225 iiddlii'ffaimfflw’xivf
898 3096 1092 3225 Quam?
1103 3091 1256 3225 illaiadii)

134 3270 165 3281 ..
186 3230 308 3291 torrentia,
325 3247 347 3281 a.
373 3272 403 3280 ..
427 3230 570 3291 cottidiae..
590 3273 621 3281 -
645 3247 738 3291 causas,
754 3224 893 3281 ovss'rd.
919 3247 1024 3292 causam,
1040 3225 1109 3294 adr.
1135 3245 1224 3290 casam,
1236 3246 1255 3279 r.

135 3337 166 3346 ..
185 3297 339 3358 conmotarae,
355 3291 537 3350 OVRTKui.
555 3299 696 3360 maissiam,
709 3315 732 3349 a.
751 3297 914 3358 commotarum,
926 3294 955 3360 β.
974 3296 1160 3358 οοηίεεειιναῖενη,
1172 3299 1221 3348 K2.

168 3368 183 3429 ξ
197 3372 237 3416 la.
261 3365 392 3430 densando
404 3366 459 3426 viai,
471 3368 559 3418 Dalcc.
583 3367 703 3418 Ceterum
715 3367 783 3416 Pint.
796 3376 821 3415 er
831 3369 923 3416 Muret.
936 3382 987 3416 var.
1000 3366 1057 3416 leot.
1071 3371 1111 3428 15,
1126 3371 1164 3416 16.
1181 3367 1258 3415 verba

134 3430 197 3480 olias
208 3433 259 3482 viai
272 3434 344 3484 nulla
355 3436 442 3485 addita
453 3436 551 3484 ratione
562 3444 591 3484 ut
602 3435 734 3485 subditicia
746 3434 837 3483 delent.
861 3435 897 3484 At
912 3435 954 3484 ubi
971 3442 1026 3485 tum
1041 3441 1128 3484 manet
1138 3449 1258 3483 numeras

135 3499 280 3561 quinarias?
298 3502 452 3567 Relrsgatar
462 3502 511 3552 illis
524 3503 600 3552 etiam
612 3503 696 3553 Hand.
708 3502 817 3553 Turseli.
830 3508 852 3563 l,
861 3508 919 3554 222.
932 3543 964 3553 ..
981 3501 1157 3566 gestationem
1170 3499 1257 3563 (codd.

134 3566 206 3630 Gal.)
223 3570 370 3633 gestationis,
382 3570 465 3620 vua
479 3610 510 3620 -
526 3577 669 3633 praestaret,
681 3587 704 3621 a
719 3611 750 3620 ..
765 3577 852 3635 posset,
864 3572 916 3621 Ra.
930 3610 961 3621 -
980 3569 1129 3634 intellegeret,
1142 3586 1159 3619 a
1169 3567 1257 3630 (codd.

135 3633 206 3698 Ger.)
231 3635 492 3702 intellegerentvssd.
513 3680 543 3687 ..
562 3637 693 3702 facillime,
705 3640 738 3688 V.
757 3679 788 3687 ..
810 3636 945 3703 circumegit
960 3636 1029 3699 inse,
1045 3639 1097 3689 Ra.
1123 3636 1259 3700 cirmmeqir

133 3718 166 3763 ee,
182 3704 216 3752 V.
243 3703 412 3770 circumegisse,
429 3709 453 3757 d.
473 3748 503 3756 ..
527 3704 647 3769 demissus,
663 3708 694 3759 Τ.
724 3705 843 3768 mmmm,
859 3709 883 3758 d.
911 3703 1017 3766 dimicas,
1030 3705 1064 3756 V.
1090 3701 1256 3765 admiseras..

134 3769 233 3819 missus
251 3774 276 3824 R
325 3809 331 3822 .

168 3840 183 3901 5
198 3808 241 3889 14:
255 3767 367 3902 militm,
380 3839 437 3904 mm,
455 3844 491 3893 its
504 3859 553 3899 nos
564 3843 718 3906 sedprimus.
744 3840 869 3902 animalia,
880 3843 963 3892 VRa
990 3838 1101 3900 mirabili,
1118 3833 1189 3903 ᾶβγ.
1213 3841 1259 3891 Uti

135 3906 161 3954 h.
174 3905 190 3954 l.
208 3905 256 3954 iam
265 3948 293 3956 ..
303 3906 351 3955 iam
367 3908 421 3958 lere
436 3911 504 3960 idem
522 3920 567 3972 est,
585 3913 654 3974 qnod
667 3925 840 3971 nanc-nunc,
858 3911 894 3958 ita
905 3908 988 3960 statim
1001 3907 1068 3957 inira
1079 3909 1170 3956 eodem
1183 3922 1259 3957 sonsa
1277 3948 1282 3955 ,

134 3974 235 4036 legitur.
254 4015 285 4024 -
309 3975 374 4035 aima,
386 3978 419 4027 V.
446 3977 559 4038 virimar.
586 3973 786 4041 vinamlidssr.
806 4016 838 4027 ..
862 3977 919 4036 iam,
934 3968 1090 4025 OVRl'l'd.
1118 3976 1257 4034 tam,R²a.

136 4049 195 4096 tam,
212 4036 263 4107 βγ.
282 4083 312 4092 ...
335 4043 443 4103 emitari,
456 4061 478 4094 a.
499 4085 528 4093 -
553 4059 677 4106 cognomen
692 4046 724 4093 ab
742 4043 834 4108 aegris,
852 4044 964 4094 Gronom
981 4045 1013 4093 ad
1031 4049 1077 4104 23,
1098 4048 1119 4091 l.
1142 4042 1258 4107 cognomi·

135 4108 230 4158 navems
245 4125 264 4170 e,
281 4111 344 4160 VR.
372 4111 534 4175 cognominari
547 4126 583 4170 ss,
600 4106 692 4174 adssr.
721 4151 744 4160 -
766 4110 889 4176 frigidam
906 4109 998 4170 dando,
1015 4127 1035 4161 r.
1059 4152 1090 4161 -
1117 4119 1154 4172 at,
1173 4110 1257 4161 vito.

134 4184 219 4237 outa
239 4218 270 4226 ..
295 4175 385 4238 lectulo,
398 4182 423 4229 d.
443 4220 473 4228 ..
497 4178 625 4236 iacmtara,
641 4171 737 4227 Ovd'a
761 4178 956 4239 iactaro,R¹d¹.
980 4174 1205 4243 iactatu,R²assr.
1226 4217 1257 4227 ..

135 4243 219 4306 morbi,
231 4246 264 4295 V.
284 4286 315 4295 -
336 4245 441 4308 balneas,
454 4247 557 4297 vitat.
580 4243 694 4307 balineas,
705 4241 755 4310 βγ.
