2918 4800
190 294 254 358 310
541 307 748 354 ucruunnrs
772 307 967 354 meroumu

191 485 273 540 sum,
295 472 351 527 aut
372 460 575 536 calefactum3
605 459 771 545 caprinum
793 457 904 524 utilius
926 481 999 523 cum
1022 458 1126 522 malva
1148 459 1318 524 decoctum

191 574 224 630 et
247 564 312 629 sale
335 561 465 648 exiguo.
501 558 650 646 Linguae
673 558 901 625 exulcerationi
923 568 955 622 et
976 559 1166 624 arteriarum
1187 559 1319 644 prodest

191 665 242 730 ius
264 665 364 730 omasi
386 663 636 751 gargarizatum,
668 661 804 726 tonsillis
830 671 938 726 autem
960 660 1112 746 privatim
1134 683 1227 726 renes
1248 661 1318 727 vol·

191 767 282 852 pium
310 765 390 831 aridi
416 786 489 830 eum
516 763 609 828 melle
638 763 704 827 triti
731 762 893 847 inlitique,
924 762 1064 848 anginae
1090 763 1134 827 fel
1157 764 1319 828 taurinum

192 866 244 932 vel
266 867 434 952 caprinum
456 887 528 930 cum
550 865 653 929 melle.
689 863 786 929 Ioour
807 863 898 929 melis
920 886 961 929 ex
983 887 1068 948 aqua
1089 864 1155 929 oris
1176 865 1319 952 gravita-
1335 880 1385 924 190

192 979 258 1034 tem
279 970 448 1053 ulceraque
468 966 623 1051 butyrum
645 966 804 1031 emendat.
840 963 976 1050 Spinam
997 965 1125 1031 aliudve
1146 966 1224 1050 quid
1245 966 1317 1030 sau-

195 1068 285 1134 cibus
312 1069 490 1133 adhaerens
520 1067 593 1133 felis
621 1067 820 1133 extrinsecus
846 1066 921 1132 fimo
948 1067 1127 1153 perfricatis
1149 1077 1205 1132 aut
1227 1066 1320 1131 reddi

194 1183 251 1237 aut
272 1169 378 1235 delabi
400 1170 540 1234 tradunt.
563 1165 712 1234 Strumas
732 1168 864 1234 discutit
886 1169 936 1235 vel
958 1191 1119 1254 aprunum
1140 1168 1191 1233 vel
1213 1167 1320 1234 bubu-

194 1272 262 1336 lum
284 1271 429 1358 tepidum
456 1271 598 1349 inlitum3
627 1294 702 1335 nam
730 1270 902 1356 coagulum
922 1270 1043 1356 leporis
1066 1293 1083 1336 e
1106 1270 1180 1334 vino
1202 1270 1236 1334 in
1258 1269 1320 1334 lin·

195 1373 278 1440 teolo
294 1372 482 1439 exulceratis
497 1373 665 1438 dumtaxat
681 1372 856 1458 inponitur.
879 1371 1024 1438 Discutit
1038 1382 1070 1437 et
1084 1370 1224 1458 ungulae
1239 1371 1322 1436 asini
1338 1387 1383 1432 ror

196 1475 247 1541 vel
268 1475 341 1559 equi
363 1474 443 1540 cinis
466 1497 506 1540 ex
528 1475 597 1540 oleo
617 1476 669 1540 vel
690 1497 773 1560 aqua
801 1473 913 1540 inlitus
941 1485 973 1538 et
993 1474 1088 1538 urina
1117 1473 1270 1539 calefacta
1290 1484 1323 1538 et

196 1575 287 1643 bovis
302 1576 441 1662 ungulae
463 1575 543 1641 cinis
566 1599 607 1642 ex
628 1599 721 1662 aqua,
743 1575 854 1641 fimum
868 1598 996 1661 quoque
1011 1577 1138 1641 fervens
1153 1599 1194 1641 ex
1212 1585 1302 1641 aceto
1312 1599 1321 1650 ;

196 1678 275 1743 item
298 1677 410 1742 sebum
432 1677 598 1762 caprinum
626 1700 699 1742 cum
727 1677 814 1742 calce
834 1687 891 1742 aut
917 1676 1028 1741 fimum
1051 1698 1091 1741 ex
1113 1686 1201 1741 aceto
1228 1676 1323 1741 deco-

198 1790 285 1844 ctum
306 1789 467 1862 testesque
489 1777 619 1865 volpini.
655 1777 794 1842 Prodest
815 1787 848 1841 et
870 1800 964 1863 sap03
995 1774 1164 1843 Gallorum
1189 1778 1250 1842 hoc
1271 1777 1323 1841 in-

198 1893 332 1946 ventum
353 1879 523 1945 rutilandis
545 1878 685 1964 capillis3
710 1879 753 1944 'fit
775 1901 815 1944 ex
839 1877 915 1944 sebo
937 1888 970 1944 et
991 1879 1107 1958 cinere,
1130 1889 1281 1964 optumus
1305 1902 1323 1945 e

198 1978 308 2068 fagino
330 1992 361 2044 et
384 1982 542 2067 carpineo,
566 1979 692 2044 duobus
713 1979 829 2058 modis,
853 1981 977 2066 spissus
1000 2001 1038 2045 ac
1058 1978 1212 2063 liquidus,
1235 1991 1323 2046 uter·

199 2104 262 2167 que
283 2082 370 2168 apud
393 2080 571 2147 Germanos
593 2082 713 2146 maiore
733 2081 768 2145 in
790 2105 852 2146 usu
874 2081 953 2147 viris
975 2104 1073 2166 quam
1094 2081 1231 2146 feminis.

244 2186 296 2250 52.
320 2181 493 2250 Cervioum
515 2184 638 2250 dolores
653 2183 771 2268 butyro
792 2194 849 2248 aut
867 2183 963 2269 adipe
976 2183 1085 2249 ursino
1099 2182 1325 2270 perfrioentur,
1342 2200 1390 2244 192

200 2285 324 2372 rigores
344 2286 465 2352 bubulo
488 2286 563 2351 sebo
586 2285 672 2370 quod
693 2296 725 2350 et
747 2285 878 2351 strumis
900 2285 1031 2371 prodest
1052 2308 1124 2350 cum
1147 2286 1227 2351 oleo.
1253 2283 1325 2348 Do-

199 2386 300 2452 lorem
313 2387 519 2454 inflexibilem
531 2441 573 2452 ..
584 2387 810 2474 opisthotonon
826 2398 940 2453 vocant
951 2387 1088 2453 ..levat
1103 2386 1196 2451 urina
1211 2407 1328 2473 caprae

201 2489 333 2554 auribus
359 2489 466 2554 infusa
492 2500 548 2553 aut
575 2488 686 2553 fimum
713 2512 786 2554 cum
814 2488 921 2554 bulbis
943 2488 1079 2567 inlitum,
1105 2487 1225 2574 unguis
1248 2510 1325 2552 con-

202 2599 314 2655 tunsos
327 2589 371 2654 fel
386 2590 614 2676 cuiuscumque
627 2590 773 2656 animalis
788 2589 1054 2678 circumligatum,
1076 2589 1228 2675 pterygia
1242 2588 1327 2674 digi-

202 2701 306 2755 torum
328 2689 371 2755 fel
393 2692 476 2755 tauri
498 2691 625 2756 aridum
647 2715 730 2776 aqua
751 2691 853 2757 calida
879 2690 1084 2766 dissolutum3
1110 2689 1243 2775 quidam
1268 2689 1327 2754 ad·

201 2792 302 2857 iciunt
325 2791 458 2878 sulphur
479 2803 510 2856 et
531 2794 658 2858 alumen
678 2794 749 2880 pari
771 2792 914 2878 pondere
935 2793 1087 2857 omnium.

245 2894 296 2958 53.
325 2892 457 2958 Tussim
478 2893 659 2979 iocur‘lupi
681 2916 720 2959 ex
747 2894 822 2960 vino
849 2894 957 2979 tepido
986 2903 1087 2973 sanat,
1116 2892 1262 2957 ursinum
1287 2892 1329 2957 fel
1345 2909 1394 2955 19³

236 3066 319 3129 omasi,
330 3067 394 3118 VR.
412 3069 498 3133 magis,
511 3070 564 3120 Td.
584 3108 616 3119 -
632 3068 823 3134 gargarizatum,
834 3068 948 3119 vltra
969 3066 1137 3132 gargarizata,
1148 3062 1178 3129 β.
1200 3065 1224 3114 si
1236 3081 1329 3131 parpa-

202 3136 303 3197 rizatur,
314 3136 347 3186 Κ.
366 3177 399 3186 ...
418 3135 527 3198 tonsillis,
543 3137 593 3187 R2.
612 3135 795 3198 tonsillas,VR
806 3139 841 3187 ¹d.
861 3178 892 3186 ..
911 3151 992 3200 peaes,
1004 3137 1060 3186 Vd.
1079 3177 1111 3186 -
1129 3132 1271 3198 inlinitiqus,
1283 3135 1328 3184 R¹.

204 3244 235 3254 ..
254 3203 365 3268 anginae,
376 3204 408 3254 R.
426 3205 553 3268 anguinae,
564 3205 621 3255 Vd.
640 3204 744 3270 angium,
756 3222 776 3255 r.

237 3271 323 3333 5190.
350 3270 478 3333 mellis,V.
497 3313 528 3322 -
553 3289 626 3336 aqua.
648 3272 710 3331 oris,
727 3289 747 3322 r.
766 3314 798 3322 -
822 3273 935 3337 butyrum,
948 3273 1032 3323 VRd.
1060 3278 1148 3332 vetera,
1164 3271 1197 3321 Κ.
1216 3311 1248 3319 -
1272 3267 1329 3334 Spi-

203 3356 267 3402 nam,
283 3340 381 3390 VR¹d.
407 3340 521 3403 Planum,
537 3341 586 3391 3².
611 3381 642 3390 -
661 3339 734 3404 selis,
753 3342 868 3391 revocavi
885 3357 918 3390 ex
932 3335 962 3401 β.
983 3338 1057 3402 felia,
1073 3340 1158 3390 VRd.
1177 3340 1235 3390 Om.
1252 3353 1277 3402 r.
1296 3378 1328 3387 ..

204 3424 328 3472 aprunam,
345 3410 395 3459 1³².
422 3409 543 3472 afrunum,
561 3403 633 3459 ORl.
660 3408 779 3472 aprinum,
795 3404 898 3471 Vdssy,
924 3423 1064 3471 aprugnum,
1082 3409 1171 3458 Daloc.
1198 3405 1330 3470 caprinum,

203 3477 328 3527 Harduiu.

238 3547 323 3608 5191.
347 3543 468 3608 velaque,
481 3546 561 3595 R'I'd.
585 3541 717 3607 velaquas,
730 3545 764 3594 V.
788 3542 926 3607 velaliqaa,
942 3536 970 3592 θ.
994 3559 1094 3606 aquave,
1107 3544 1140 3592 K.
1163 3558 1237 3605 aqua,
1249 3537 1278 3602 β.
1299 3583 1330 3590 -

205 3620 228 3660 et
238 3612 427 3675 νήπια-αμα,
441 3612 510 3662 R2d.
528 3613 616 3664 Omitt.
629 3613 703 3663 VR1.
722 3653 753 3662 ..
773 3619 894 3675 testesque,
905 3612 930 3662 R
942 3608 1028 3672 (codd.
1042 3607 1113 3672 Gel.)
1136 3618 1211 3670 testes,
1223 3610 1279 3660 Vd.
1299 3649 1330 3658 .-

208 3679 345 3740 Gallorum,
362 3681 396 3730 V.
427 3679 566 3741 Gallorum,
583 3681 613 3730 R.
644 3678 794 3742 Galliarum,
812 3681 887 3744 Tur.
912 3720 942 3728 -
970 3677 1115 3738 rutillaadis‚
1132 3679 1166 3728 V.
1190 3719 1221 3728 ..
1240 3678 1276 3739 fit
1293 3693 1330 3738 aa,

209 3741 350 3798 ovqu.
377 3763 414 3809 ex,
426 3744 454 3810 β,
471 3778 505 3798 «-
529 3749 647 3812 efapz'ao,
659 3752 696 3800 ita
706 3765 755 3800 nos
767 3750 919 3813 scripsimus.
938 3746 1036 3810 fagino,
1049 3742 1181 3810 vsscstr.
1201 3787 1231 3796 ..
1250 3745 1331 3808 carpi·

206 3831 255 3874 neo,
268 3818 300 3865 K.
318 3817 424 3879 caprino,
437 3817 513 3866 VRd
525 3815 611 3878 (codd.
624 3816 694 3880 Gel.)
705 3813 761 3881 βη
779 3833 803 3866 v.
816 3816 923 3868 corner,
935 3816 968 3864 ad
981 3815 1071 3866 Galen.
1084 3830 1108 3878 p.
1121 3819 1179 3864 419.

240 3886 254 3947 5
270 3889 325 3933 192.
347 3881 479 3945 Carvilium,
492 3886 524 3935 R.
539 3925 569 3934 ..
586 3886 752 3950 perfrioentur,
765 3886 849 3935 VRd.
864 3882 1036 3947 perfrioentur,
1047 3878 1097 3946 βγ.
1112 3923 1144 3931 ..
1162 3879 1226 3944 quod
1235 3889 1265 3941 et,
1277 3882 1330 3932 Ru.

206 3949 276 4013 quod,
288 3953 323 4000 V.
343 3992 374 4001 ..
392 3951 515 4016 Rigorem,
528 3953 561 4003 K.
581 3995 612 4004 -
630 3952 807 4017 opletotlonum,
820 3956 851 4004 u
871 3993 902 4001 ..
920 3951 1068 4011 urinam5V.
1086 3991 1118 4000 -
1136 3948 1332 4014 circumligatum,

205 4021 247 4069 13²
259 4018 345 4080 (codd.
359 4020 429 4082 Gal.)
448 4020 579 4086 inligatum,
592 4023 689 4072 VR'd.
708 4063 740 4072 ..
759 4018 937 4081 tumimidum,
954 4011 1094 4070 Ovssua.
1114 4017 1240 4079 taurinum,
1251 4013 1280 4080 β.

240 4089 329 4150 §luta
357 4086 473 4152 lupinum,
490 4090 520 4138 T.
545 4132 575 4139 ..
602 4089 719 4151 ursinum,
735 4091 791 4140 Vd.
821 4090 984 4152 ursinamque,
1001 4082 1080 4152 ufir.
1103 4127 1135 4136 ..
1162 4102 1254 4144 coraus,
1274 4077 1332 4133 BR.

206 4170 285 4216 corna,
298 4157 324 4206 V
336 4155 400 4216 (una
412 4158 496 4207 littera
507 4160 534 4207 in
546 4161 596 4207 fine
609 4156 692 4219 crasa)
705 4161 721 4208 d
725 4155 754 4219 β.
774 4199 804 4208 ..
822 4157 901 4207 saliva
913 4155 975 4221 equi,
988 4156 1040 4206 Rc.
1063 4153 1155 4203 salivae
1167 4169 1224 4217 qua,
1236 4154 1268 4203 V.
1292 4169 1333 4201 sa-

206 4219 252 4271 liva
267 4223 321 4286 qui,
337 4226 369 4274 Τ.
391 4265 422 4274 ..
443 4233 514 4288 pota,
536 4241 619 4288 equum
635 4226 706 4288 mori,
728 4225 833 4277 Gesner.
854 4228 943 4276 histor.
964 4225 1042 4274 anim.
1061 4227 1083 4284 1,
1102 4228 1160 4273 482.
1188 4229 1261 4284 potae
1282 4236 1334 4270 cum

206 4290 273 4352 mori,
285 4291 317 4340 R.
340 4298 412 4354 potae
423 4294 544 4358 commori,
555 4295 606 4345 ud.
626 4301 693 4356 pota,
705 4301 732 4342 at
743 4307 825 4356 equum
837 4292 904 4356 mori,
921 4293 1000 4345 Hard.
1012 4305 1037 4357 γ,
1051 4291 1121 4356 qnod
1133 4291 1284 4341 confirmare
1296 4289 1333 4340 di·
