2918 4800
464 1039 533 1143 C.
570 1038 741 1141 PLlNl
779 1039 1064 1143 SECUNDt

263 1309 749 1431 autumnis
794 1309 1257 1495 alstanus

531 1645 533 1649 ,
601 1575 749 1649 LIBER
774 1575 930 1651 XXVII.

692 1801 839 1808 --·--—-—-

250 1983 336 2050 CAP.
357 1987 384 2050 Ι.
414 1985 520 2051 Suos.
537 1989 565 2050 1.
596 1953 735 2056 Crescit
756 1986 900 2072 profecto
922 1986 1010 2072 apud
1027 2009 1078 2050 me
1094 1996 1177 2051 certe
1192 1997 1354 2059 tractatu§
1375 2006 1386 2049 1

205 2087 276 2172 ipso
298 2087 467 2154 admiratio
489 2087 688 2172 antiquitatis
708 2097 889 2173 quantoque
915 2087 1017 2152 maior
1043 2087 1137 2173 copia
1156 2086 1327 2153 herbarum

206 2188 344 2254 dicenda
364 2199 475 2268 restat,
499 2199 587 2255 tanto
608 2188 714 2277 magis
735 2189 869 2254 adorare
883 2187 1061 2274 priscorum
1082 2187 1116 2251 in
1137 2186 1327 2255 inveniendo

205 2312 324 2367 curam,
346 2290 380 2355 in
402 2290 555 2354 tradendo
578 2289 810 2376 benignitatem
832 2289 929 2354 subit.
965 2289 1036 2354 Neo
1058 2289 1154 2354 dubie
1177 2302 1328 2376 superata

203 2391 264 2454 hoc
285 2392 380 2456 modo
402 2402 514 2475 posset
534 2392 637 2456 videri
660 2391 756 2457 etiam
783 2413 891 2456 rerum
919 2399 1051 2455 naturae
1073 2390 1175 2476 ipsius
1195 2391 1326 2455 munifi·

204 2491 323 2568 centia,
353 2492 380 2556 si
406 2491 537 2556 humani
565 2492 670 2578 operis
698 2502 783 2557 esset
803 2491 959 2567 inventi03
989 2513 1073 2555 nuno
1096 2513 1170 2555 vero
1192 2490 1354 2555 deorumn

203 2592 303 2657 fuisse
325 2615 395 2658 eam
417 2593 550 2679 adparet
571 2606 626 2659 aut
648 2603 731 2658 certe
754 2593 905 2669 divinam,
929 2592 1023 2656 etiam
1038 2614 1111 2656 oum
1126 2590 1219 2656 homo
1233 2591 1324 2656 inve-

203 2692 298 2770 niret,
317 2694 512 2777 eandemque
527 2693 668 2759 omnium
683 2703 849 2779 parentem
864 2703 896 2758 et
911 2692 1061 2780 genuisse
1075 2692 1155 2757 haee
1170 2701 1201 2758 et
1215 2703 1323 2758 osten-

204 2793 299 2871 disse,
321 2794 406 2864 nuilo
423 2795 512 2872 ¹vitae
534 2794 687 2860 miraculo
708 2795 837 2872 maiore,
862 2793 888 2858 si
910 2816 1022 2859 verum
1044 2794 1138 2858 fateri
1159 2794 1322 2859 volumus:

205 2893 388 2980 Scythicam
420 2895 550 2961 herbam
578 2920 597 2960 a
623 2895 762 2961 Maeotis
793 2895 964 2981 paludibus
998 2906 1030 2960 et
1061 2894 1269 2980 euphorbium
1305 2919 1322 2960 e

203 3006 310 3061 moute
325 2996 458 3061 Atlante
480 2997 626 3081 ultraque
641 2996 792 3061 Herculis
814 2996 977 3061 columnas
1000 3006 1032 3060 et
1053 2995 1127 3082 ipso
1143 3017 1249 3059 rerum
1262 3017 1320 3058 na-

158 3086 161 3090 *
204 3108 294 3162 turae
316 3097 452 3176 defectu,
476 3107 565 3182 parte
581 3097 643 3162 alia
656 3096 877 3162 Britannicam
899 3119 941 3160 ex
964 3097 1074 3161 oceani
1095 3095 1208 3160 insulis
1231 3106 1323 3160 extra

204 3210 305 3263 terras
325 3198 451 3284 positis,
473 3198 613 3282 itemque
629 3196 856 3283 Aethiopidem
879 3195 919 3260 ab
942 3206 1055 3262 exusto
1071 3196 1229 3262 sideribus
1251 3218 1322 3273 axe,
1413 3226 1416 3229 ·

203 3298 282 3363 alias
303 3310 470 3385 praeterea
491 3299 618 3363 aliunde
640 3299 724 3363 ultro
746 3298 889 3380 citroque
903 3296 1060 3361 humanae
1083 3297 1176 3360 saluti
1197 3297 1231 3360 in
1255 3307 1322 3362 toto

204 3398 281 3464 orbe
304 3399 434 3484 portari,
458 3398 603 3464 inmensa
618 3398 782 3465 Romanae
804 3397 893 3481 pacis
914 3396 1080 3461 maiestate
1093 3419 1157 3461 non
1178 3397 1350 3462 hominess

235 3605 278 3654 Ad
294 3606 363 3665 hunc
378 3605 470 3654 libram
487 3606 535 3654 toti
550 3614 610 3655 sunt
627 3606 726 3655 excussi
738 3606 792 3654 VR
808 3602 847 3666 (in
863 3620 914 3668 quo
932 3605 1078 3654 exciderunt
1093 3605 1124 3668 §5
1138 3601 1242 3665 1-19.)
1254 3619 1270 3652 a
1282 3601 1321 3664 (iu

202 3687 253 3735 quo
266 3673 416 3722 exciderunt
427 3672 457 3736 ἐξ
472 3669 626 3733 lis-124.)
640 3675 664 3722 d.

236 3743 250 3804 §
265 3746 286 3789 1.
311 3747 421 3800 tractata,
434 3742 470 3789 ad
483 3738 569 3801 (codd.
582 3737 653 3801 Gel.)
676 3746 760 3797 tracta,
777 3729 837 3788 HV.
857 3780 888 3787 -
912 3738 936 3786 ia
954 3747 1013 3788 ants
1030 3735 1166 3786 inveniendo
1183 3753 1233 3787 om.
1246 3753 1268 3786 a.
1289 3777 1319 3786 -

201 3806 226 3854 in
240 3806 363 3867 tradendo,
375 3807 436 3857 Va!
448 3804 567 3867 intrando,
580 3809 603 3856 d.
628 3804 745 3867 mirando,
758 3806 789 3854 Τ.
810 3847 840 3855 ..
859 3803 907 3865 Ne,
919 3822 943 3854 a.
962 3846 992 3854 ..
1012 3804 1106 3866 dubiae,
1119 3806 1153 3854 V.
1172 3846 1203 3853 ..
1222 3803 1273 3865 hac,
1286 3805 1320 3853 V.

203 3913 234 3922 -
252 3872 333 3936 viridi,
346 3890 368 3923 a.
386 3915 416 3922 ..
440 3873 571 3934 si..eaaet,
589 3889 638 3922 om.
651 3890 673 3924 a.
691 3915 722 3922 ..
747 3880 806 3921 estet
822 3872 933 3934 inventio,
947 3875 971 3922 d.
998 3888 1047 3921 esse
1064 3871 1210 3933 inventionis,
1224 3874 1256 3922 V.
1284 3871 1321 3919 in-

200 3941 284 4001 ventio,
296 3959 318 3990 a.

234 4012 284 4072 §2
311 4024 396 4068 eoram,
413 4010 436 4057 d.
456 4047 486 4054 -
511 4004 607 4055 eandem
624 4021 691 4068 qaae,
708 4007 742 4055 V.
761 4049 791 4056 -
815 4007 957 4069 parentiam,
973 4008 1048 4057 Vad.
1068 4049 1097 4055 -
1123 4006 1212 4054 maiore
1224 4007 1252 4067 si,
1265 4007 1319 4056 Va.

200 4076 277 4124 maior
290 4084 331 4136 est,
346 4077 369 4124 d.
389 4115 418 4122 -
438 4073 551 4134 Maeotia,
568 4069 668 4124 OVad.
695 4073 833 4135 Maeotidis,
850 4070 878 4135 β,
899 4115 929 4122 -
953 4073 1116 4138 euphorbeam,
1130 4089 1152 4123 a.
1180 4073 1319 4137 euphorher-

200 4144 260 4204 bam,
274 4144 307 4192 V.
327 4183 358 4191 ..
382 4149 404 4188 et
420 4139 662 4204 apuam-deffectum
678 4142 710 4190 Κ.
730 4181 761 4191 -
786 4150 880 4202 terram,
899 4142 953 4190 Td.
972 4181 1003 4189 ..
1027 4156 1080 4200 axe,
1098 4157 1121 4189 a.
1149 4150 1194 4202 ast,
1212 4143 1266 4191 Vd.
1286 4183 1316 4191 ,-

199 4209 319 4268 alicunde,
332 4225 354 4258 a.
374 4249 404 4257 ..
414 4206 492 4269 altro,
507 4224 557 4257 om.
570 4225 592 4257 a.
613 4250 641 4257 -
661 4206 754 4269 salatia,
766 4226 788 4258 a.
808 4250 846 4262 ..,
859 4217 929 4257 totam
941 4207 1025 4266 orbem,
1039 4209 1070 4256 K.
1091 4248 1121 4256 -
1140 4217 1248 4271 portare,
1261 4225 1283 4258 a.
