2918 4800
587 127 611 157 Ι

433 319 505 365 ara.
522 318 623 366 xxm.
654 317 732 364 cnr.
749 317 809 365 vu.
841 316 938 365 sacr.
954 319 984 361 aa.
1222 299 1263 362 35

144 471 360 549 maxillarum3
387 469 428 535 ad
456 469 657 548 furunculos,
687 490 799 555 panos,
827 468 991 554 parotidas
1018 469 1168 537 decoctae
1190 468 1263 533 inli-

143 586 274 640 nuntur.
311 571 400 638 Utile
428 582 461 637 et
489 571 622 637 decocto
650 571 759 636 fovere
786 592 895 635 earum
922 570 1064 636 feminas.
1101 570 1264 636 Decoctae

144 698 273 763 quoque
300 675 434 741 eaedem
461 696 535 740 cum
562 673 637 738 feno
659 672 786 738 Graeco
814 673 910 738 utiles
940 684 1015 738 sunt
1036 683 1070 738 et
1090 673 1265 760 pleuriticis

145 790 177 846 et
204 775 508 865 peripneumonicis.
547 773 630 841 Cum
663 784 736 839 ruta
764 785 870 840 coctae
904 774 1094 841 torminibus
1119 785 1264 862 prosunt,
1279 798 1328 845 las

145 879 297 945 tibiarum
318 877 481 944 ulceribus
503 900 577 942 cum
598 875 681 941 aeris
703 876 781 941 flore
796 886 829 940 et
842 876 993 963 parotidi,
1014 877 1175 963 pterygiis
1192 900 1265 943 cum

144 981 263 1069 punico
288 981 387 1059 malo,
415 978 584 1057 ambustis,
618 977 827 1065 pernionibus
855 1000 929 1044 oum
958 1001 1049 1059 cera,
1079 979 1267 1066 hydropicis

145 1096 253 1152 coctae
273 1083 309 1148 in
329 1083 405 1148 vino
426 1104 500 1147 cum
521 1079 682 1167 apsinthio
704 1091 735 1145 et
756 1080 859 1144 farina
878 1079 1058 1146 hordeacia.
1091 1080 1185 1147 Nitro
1206 1081 1265 1147 ad·

145 1187 212 1252 dito
233 1184 441 1250 manducatae
462 1183 567 1249 alvom
590 1184 726 1262 solvont,
749 1183 951 1269 scorpionum
965 1182 1082 1250 ictibus
1104 1205 1177 1250 oum
1200 1184 1265 1250 sale

145 1289 238 1354 tritae
270 1288 464 1364 inlinuntur;
499 1285 708 1351 carbunculos
735 1283 906 1350 extrahunt
931 1285 965 1350 in
990 1286 1066 1351 vino
1095 1298 1205 1353 motae
1234 1299 1267 1353 et

144 1389 312 1477 inpositae.
350 1387 576 1467 Carcinomati,
603 1388 630 1452 si
658 1387 728 1452 sine
749 1387 856 1453 ulcere
882 1398 942 1467 est,
969 1409 1066 1472 quam
1087 1388 1265 1476 pinguissi-

113 1562 117 1567 ,
145 1515 229 1557 mam
250 1491 346 1556 ficum
367 1490 478 1577 inponi
500 1510 603 1575 paene
625 1489 787 1576 singulare
808 1489 985 1554 remedium
1006 1500 1067 1568 est,
1089 1489 1167 1556 item
1188 1491 1266 1577 pha·

143 1593 320 1682 gedaenae.
345 1589 438 1657 Oinis
459 1613 524 1656 non
546 1612 586 1656 ex
609 1590 670 1654 alia
685 1589 798 1656 arbore
812 1590 930 1667 acrior3
953 1602 1083 1678 purgat,
1105 1592 1267 1680 congluti-
1281 1612 1330 1658 rar

144 1703 211 1773 nat,
233 1693 345 1779 replet,
368 1691 556 1780 adstringit3
578 1689 700 1757 bibitur
714 1702 747 1757 et
766 1691 807 1756 ad
825 1691 1062 1758 discutiendum
1077 1695 1267 1781 sanguinem

145 1805 346 1872 concretum,
373 1793 449 1858 item
476 1793 656 1880 percussis,
682 1793 919 1881 praecipitatis,
951 1795 1074 1880 ruptis,
1107 1797 1268 1863 convolsis

145 1896 263 1962 cineris
285 1942 380 1961 .....
403 1894 527 1978 cyathis
550 1895 686 1982 singulis
708 1917 811 1980 aquae
833 1906 866 1961 et
892 1895 972 1975 olei3
1001 1896 1095 1961 datm
1121 1898 1267 1964 tetanicis

145 2008 179 2062 et
199 1996 358 2084 spasticis,
389 1996 467 2062 item
488 2007 584 2083 potus
604 1997 658 2063 vel
678 1995 804 2061 infusus
826 1996 974 2062 coeliacis
995 2009 1028 2061 et
1049 1997 1267 2082 dysintericis,

146 2107 178 2164 st
205 2098 331 2183 siquis
360 2119 399 2163 co
426 2119 499 2163 oum
520 2099 591 2163 oleo
611 2106 844 2183 perunguatur,
874 2097 1058 2176 excalfacit3
1087 2097 1173 2162 idem
1194 2121 1268 2164 cum

144 2220 219 2264 cera
245 2209 278 2264 et
304 2221 436 2265 rosaceo
464 2198 616 2264 subactus
645 2197 802 2263 ambustis
835 2198 1016 2264 cicatricem
1049 2199 1267 2264 tenuissimam

144 2299 286 2379 obducit,
309 2300 466 2366 lusciosos
489 2323 530 2365 ex
548 2300 620 2365 oleo
639 2299 785 2365 inlinitus
802 2300 951 2365 emendat
964 2300 1173 2386 dentiumque
1187 2301 1267 2365 vitia

145 2400 258 2467 crebro
273 2401 399 2468 fricatu.
421 2401 568 2467 Produnt
581 2401 688 2481 etiam,
711 2402 825 2486 siquis
846 2402 1001 2467 inclinata
1022 2403 1135 2468 arbore
1151 2403 1266 2491 supino
1280 2419 1328 2467 rso

143 2525 199 2568 ore
221 2504 360 2588 aliquem
381 2505 501 2569 nodum
522 2506 592 2569 eius
613 2525 723 2569 morsu
743 2503 911 2569 abstulerit
924 2504 1012 2569 nullo
1026 2505 1155 2571 vidente
1169 2516 1266 2590 atque

145 2626 219 2669 cum
245 2605 333 2670 aluta
359 2603 529 2691 inligatum
554 2604 629 2670 licio
656 2627 674 2670 e
701 2605 782 2671 collo
811 2605 1031 2692 suspenderit,
1066 2616 1204 2672 strumas
1232 2617 1266 2673 et

144 2815 175 2871 et,
187 2810 262 2859 Vad.
280 2818 341 2872 sunt,
353 2807 404 2876 βγ.
423 2853 454 2862 -
471 2810 587 2876 pleuritis,
599 2812 633 2862 V.
648 2853 677 2861 ..
696 2819 726 2873 et,
740 2811 773 2862 V.
790 2828 828 2875 ac,
844 2804 943 2864 orac.
963 2854 992 2862 -
1008 2811 1229 2878 peripneumonicis,
1241 2831 1264 2864 s.

139 2875 308 2941 plerimonicrs,
321 2879 375 2928 Vd.
391 2877 550 2944 pieurnonicis‚
562 2881 593 2930 T.

179 2942 268 3004 §rsa
298 2954 376 2994 coctae
394 2947 542 3007 torminibus,
562 2947 666 2997 Barbar.
696 2953 763 2996 cocto
778 2955 801 2996 el
815 2947 933 3009 omnibus,
950 2948 1025 2998 Vad.
1049 2989 1080 2998 ..
1107 2949 1264 3015 aspernadi,

148 3003 414 3077 Ovumuurbac.)
439 3023 463 3063 et
475 3021 563 3078 pmate
575 3012 614 3079 dy,
627 3030 650 3064 a.
670 3014 758 3066 Omna
772 3011 844 3078 ᾱβγ.
864 3055 892 3065 ..
919 3014 1042 3080 ptcrppiis,
1057 3008 1136 3067 θΤά.
1160 3018 1264 3082 poppis,

142 3080 177 3128 V.
193 3079 297 3143 parisis,
310 3099 333 3132 a.
357 3097 386 3129 oc
395 3082 517 3147 ptarypiis‚
529 3082 565 3131 ΚΙ
579 3081 720 3145 (Murbsc.)
738 3088 761 3130 et
771 3082 890 3146 spasnds,
901 3084 951 3132 11².
970 3124 1001 3132 -
1019 3082 1074 3131 uino
1086 3099 1145 3142 cum,
1157 3087 1188 3136 Τ.
1210 3085 1264 3134 uino

143 3162 194 3195 curn
212 3154 241 3206 et,
257 3148 333 3199 Vad.
360 3149 414 3197 uino
431 3158 453 3198 et
468 3165 527 3209 curn,
544 3145 596 3213 βγ.
619 3190 651 3200 ..
677 3150 791 3211 absentio,
807 3151 840 3200 V.
863 3191 894 3200 -
913 3148 1020 3212 surinus
1035 3149 1166 3211 hordiacia,
1178 3153 1212 3201 V.
1231 3191 1263 3201 .-

143 3212 218 3264 Nitro
229 3213 313 3264 addito
325 3220 356 3266 ad
369 3219 498 3280 sequentis
510 3217 584 3266 refert
596 3218 671 3278 Pina,
691 3219 816 3282 prioribus
829 3226 967 3267 annectunt
980 3212 1100 3281 Vadssy.
1119 3213 1221 3266 κοιλίαν
1234 3232 1264 3266 rs

140 3277 275 3342 μαλάσσει
292 3280 362 3344 μετὰ
380 3281 471 3349 νίτρου
486 3279 531 3331 καὶ
549 3280 647 3348 κρόκου
663 3280 708 3333 καὶ
726 3280 888 3344 ἐσθιόμενα,
906 3284 1024 3333 Dioscor.
1049 3323 1080 3332 -
1106 3283 1265 3333 manducatae

143 3346 221 3397 alvum
233 3349 332 3410 solvunt,
348 3346 480 3400 OVTad.
499 3350 577 3399 aluum
588 3350 675 3398 suiuus
685 3348 849 3411 manducatae,
860 3345 889 3411 β
911 3348 1069 3398 manducatae
1080 3349 1158 3398 aluum
1169 3351 1263 3414 sistunt,

142 3429 168 3480 γ.
188 3456 219 3466 ..
236 3417 374 3481 scorpionis,
386 3435 409 3467 a.
429 3458 459 3468 ...
478 3434 537 3476 cum,
550 3433 601 3467 om.
614 3433 637 3466 s.
657 3458 688 3467 ..
709 3415 897 3474 Curciriomatae,
909 3419 965 3468 Vd.
986 3415 1173 3478 Carcinomatus,
1185 3436 1208 3469 a.

178 3484 193 3547 §
208 3488 263 3535 124.
286 3484 380 3545 sacrior,⁸
395 3501 443 3548 pur
459 3493 493 3546 at,
505 3484 591 3535 VTd.
618 3483 692 3534 ααόω
703 3493 810 3550 purpant
821 3501 875 3546 non,
887 3501 911 3536 a.
938 3485 1019 3535 acrior
1030 3484 1111 3535 ulcera
1120 3495 1218 3601 puryut
1230 3487 1263 3537 K.

144 3551 218 3599 amem
227 3559 318 3617 purpat
329 3501 458 3615 cerami.
482 3552 602 3603 Ceterum
613 3554 767 3605 v.Dioscor.
782 3558 874 3615 1,1so.
894 3595 924 3604 ..
948 3552 1161 3618 conplutincntrep
1171 3563 1216 3614 ent,
1228 3556 1262 3606 V.

145 3658 176 3667 ..
194 3617 330 3684 adstrinpit
342 3635 365 3669 a.
383 3619 549 3684 adstrinpitur‚
562 3621 618 3671 Vd.
635 3661 661 3670 -
681 3619 759 3685 ruptis
770 3620 893 3684 convulsis,
906 3623 959 3673 Td.
977 3621 1054 3687 raptis
1065 3620 1188 3680 conuulsis,
1204 3614 1262 3673 OV.

142 3684 259 3735 convulsis
266 3686 352 3750 ruptis,
363 3683 434 3751 ufir.
454 3687 538 3752 ruptis‚
548 3705 567 3739 r.
581 3730 612 3738 ..
625 3688 711 3738 uncus
720 3687 818 3754 pullu,
831 3682 929 3741 O'rsu
948 3689 1033 3739 cineris
1042 3686 1126 3748 cintus,
1136 3689 1169 3738 V.
1186 3690 1264 3741 acinis

144 3752 245 3817 syndus
256 3771 276 3804 r.
295 3753 394 3821 mathia
406 3751 456 3821 βγ.
480 3756 551 3807 Haec
567 3769 626 3807 vero
645 3758 767 3822 scriptura
783 3773 885 3822 prorsus
896 3758 997 3808 nullum
1009 3772 1110 3807 sensam
1123 3759 1226 3821 praebet
1238 3772 1264 3810 es

143 3821 256 3871 Plinium
265 3822 319 3872 fers
327 3825 454 3888 scripsisse
464 3838 567 3875 necesse
577 3834 625 3874 est:
645 3825 729 3874 οἰηονίε
741 3823 857 3874 drachma
867 3833 962 3889 sumptu
974 3840 987 3872 e
998 3822 1090 3889 mattis
1098 3824 1198 3889 sinpnlis
1206 3828 1262 3878 rell.

141 3887 210 3937 Hinc
226 3890 329 3940 nornine
345 3891 429 3940 cineris
445 3900 547 3955 recepto
560 3891 677 3942 lacunam
690 3894 789 3957 punctis
801 3893 922 3958 appositis
934 3892 1049 3941 indicavi.
1069 3932 1100 3942 ..
1116 3893 1226 3957 passicis,
1238 3910 1262 3946 a.

140 3954 242 4017 pasicis,
253 3958 308 4007 Vd.
322 3997 353 4006 -
372 3966 395 4007 ct
406 3957 563 4023 dysentericis,
577 3954 706 4010 evuco.
725 3958 885 4024 dysentericis,
897 3956 926 4021 β.
941 4000 971 4009 -
990 3957 1058 4021 idern,
1072 3952 1180 4013 OVTd.
1199 3963 1262 4024 itern,

143 4017 192 4100 apd.
213 4063 244 4139 ,Η
271 4025 427 4153 (ΞΖιὸωεὲ,α,
453 4042 504 4077 curn
522 4026 709 4088 ambustran.
729 4067 760 4077 ..
788 4025 902 4088 inlicitus,
916 4028 967 4077 V².
994 4026 1108 4091 illinatus,
1121 4030 1187 4082 V¹a.
1215 4029 1263 4081 ilii·

142 4096 213 4150 nitus,
244 4089 279 4139 .i
302 4091 349 4152 'tua
385 4107 410 4156 γ.

178 4155 263 4217 5126.
282 4157 390 4220 nondum,
403 4160 436 4208 V.
454 4201 485 4210 -
505 4176 556 4209 curn
568 4159 644 4222 aluta
659 4153 708 4211 Oa.
730 4176 780 4209 eum
793 4158 869 4223 aluta,
881 4162 915 4212 V.
939 4176 989 4211 cum
1001 4161 1073 4223 alula,
1085 4167 1109 4214 d.
1128 4181 1177 4214 eum
1190 4163 1263 4224 circio,

143 4224 174 4274 Τ.
193 4224 218 4273 in
229 4223 305 4288 aluta
316 4222 345 4288 β.
366 4267 394 4276 ..
415 4225 468 4276 licio
480 4243 499 4288 e,
511 4242 533 4277 a.
553 4226 623 4290 ilicio,
635 4228 669 4280 V.
688 4227 748 4291 ileo,
760 4228 814 4278 Τὰ.
1044 4297 1061 4330 ι
