2918 4800
147 275 207 339 168
496 287 699 335 raruasms
722 285 917 336 ursroararr

189 442 238 506 15.
260 438 300 505 In
322 439 462 526 pectoris
484 438 570 505 vitiis
591 439 643 505 vel
663 439 890 526 gravissimum
907 450 957 504 est
970 437 1070 503 tussis
1077 462 1086 515 3
1109 437 1185 504 huic
1199 461 1265 505 me·
1279 457 1311 504 st

144 544 238 608 detur
265 540 397 628 panacis
423 541 515 606 radix
542 541 577 607 in
599 541 673 606 vino
700 541 796 619 dulci,
824 562 920 607 sucus
948 540 1137 625 hyoscyami
1170 541 1266 606 etiam

145 644 334 733 sanguinem
355 642 608 735 exscreantibus,
631 641 724 706 nidor
745 664 872 726 quoque
894 641 1023 707 accensi
1045 640 1266 721 tussientibus,

142 747 218 812 item
246 743 401 812 scordotis
428 745 529 810 mixto
561 743 720 810 nasturtio
747 754 779 808 et
811 744 918 810 resina
946 765 1019 808 cum
1044 743 1139 808 melle
1168 753 1266 809 tunsa

142 846 231 912 arida
237 871 247 925 3
275 845 354 912 facit
375 855 408 912 et
428 868 487 933 per
508 868 544 911 se
564 845 669 910 facilis
691 844 938 923 exscreationes,
965 845 1044 910 item
1066 843 1267 911 centaurium

142 948 245 1014 maius
272 947 325 1014 vel
352 948 542 1035 sanguinem
568 946 788 1024 reicientibus,
820 947 873 1012 cui
903 947 981 1011 vitio
1010 958 1042 1011 et
1068 944 1266 1033 plantaginis

143 1072 239 1116 sucus
265 1049 422 1114 medetur.
458 1046 505 1112 Et
525 1045 698 1113 Vettonica
725 1047 827 1112 obolis
853 1047 957 1112 tribus
982 1047 1017 1110 in
1044 1070 1128 1131 aqua
1154 1057 1267 1113 contra
1280 1065 1312 1112 as

141 1150 329 1236 purulentas
351 1158 526 1233 contraque
542 1158 691 1214 cruentas
706 1148 952 1227 exscreationes,
972 1149 1152 1234 persolutae
1173 1146 1268 1212 radix

141 1250 311 1316 drachmae
338 1250 482 1336 pondere
508 1272 582 1315 oum
609 1249 714 1335 pineis
740 1250 863 1317 nucleis
892 1251 1060 1328 undecim,
1079 1248 1266 1336 ,peucedani

143 1373 250 1418 sucus.
278 1351 423 1418 Pectoris
445 1351 610 1418 doloribus
631 1374 760 1418 ecorum
783 1351 942 1430 subvenit,
965 1362 999 1418 et
1018 1352 1092 1417 ideo
1113 1350 1267 1418 antidotis

141 1453 311 1530 miscetur;
344 1454 425 1519 tussi
451 1453 604 1532 daucum,
631 1452 710 1521 item
740 1452 895 1539 Scythica
919 1453 1037 1532 herba3
1071 1453 1267 1520 cadomum

142 1554 290 1620 omnibus
312 1556 451 1641 pectoris
472 1554 569 1634 vitiis,
593 1555 676 1622 tussi
697 1565 730 1621 et
742 1557 914 1642 purulenta
928 1553 1172 1621 exscreantibus
1186 1553 1266 1620 obo-

140 1657 181 1722 lis
206 1657 308 1724 tribus
335 1657 369 1721 in
398 1658 488 1745 passi
516 1645 669 1737 totidem,
702 1658 894 1724 verbascum
922 1659 1013 1723 cuius
1045 1657 1104 1722 flos
1137 1679 1267 1723 aureus.

142 1758 200 1826 VI.
222 1759 311 1826 Huic
332 1769 421 1824 tauta
443 1759 493 1824 vis
514 1770 551 1824 ut
572 1758 723 1825 iumentis
745 1761 841 1826 etiam
862 1783 927 1824 non
948 1759 1157 1825 tussientibus
1171 1759 1268 1825 modo
1280 1775 1312 1820 aa

143 1861 200 1925 sed
221 1861 277 1926 ilia
299 1883 426 1946 quoque
449 1859 647 1926 trahentibus
669 1861 842 1927 auxilietur
856 1872 946 1948 potu,
970 1860 1057 1946 quod
1077 1871 1109 1926 et
1128 1860 1170 1925 de
1184 1881 1266 1947 gen-

142 1961 229 2027 tiana
249 1964 385 2049 reperio.
423 1962 532 2028 Radix
554 1963 689 2028 cacaliae
712 1963 966 2028 conmanducata
992 1963 1079 2028 etin
1102 1961 1175 2027 vino
1197 1985 1266 2027 ma-

142 2064 270 2129 defacta
297 2088 362 2131 non
391 2064 472 2131 tussi
501 2074 625 2130 tantum
653 2065 710 2130 sed
738 2076 770 2130 et
795 2065 941 2131 faucibus
970 2065 1101 2150 prodest
1108 2090 1119 2143 3
1148 2062 1267 2150 hysopi
1371 2094 1375 2099 ·

142 2165 386 2251 quinqueremi
409 2189 483 2232 cum
504 2166 631 2232 duobus
652 2179 744 2234 rutae
766 2178 799 2233 et
819 2167 890 2233 ficis
916 2166 1021 2233 tribus
1047 2167 1170 2233 decocti
1193 2166 1265 2231 tho-

142 2290 250 2335 racem
271 2280 423 2356 purgant,
446 2269 560 2334 tussim
583 2269 706 2334 sedant.

186 2372 237 2435 16.
261 2370 405 2436 Bechion
426 2369 581 2458 tussilago
604 2369 739 2450 dicitur;
763 2371 827 2436 duo
848 2371 918 2437 eius
939 2394 1067 2459 genera.
1101 2369 1267 2438 Silvestris
1280 2388 1314 2433 so
1361 2374 1368 2382 '

144 2470 199 2537 ubi
221 2471 373 2548 nascitur,
401 2470 535 2536 subesse
562 2493 662 2555 aquas
690 2472 825 2537 eredunt
852 2485 884 2538 et
910 2472 971 2542 hoc
997 2472 1117 2540 habent
1139 2473 1268 2560 signum

145 2572 311 2661 aquileges
318 2597 327 2650 3
357 2572 434 2639 solia
461 2582 537 2638 sunt
565 2571 741 2638 maiuscula
767 2595 864 2659 quem
889 2574 1027 2640 hederae
1048 2575 1191 2660 quinque
1211 2584 1269 2641 aut

179 2779 246 2841 527.
266 2781 409 2845 pectoribus,
421 2783 498 2833 VRl.
518 2823 549 2831 -
565 2782 763 2846 praeestante.
783 2824 813 2833 -
832 2800 946 2848 panace,
958 2784 1033 2834 VR'.
1054 2825 1084 2832 -
1102 2780 1177 2844 dulce,
1189 2784 1265 2834 VR'.

146 2888 177 2898 -
195 2848 316 2912 sanquine,
328 2851 391 2900 VR.
410 2890 440 2900 ..
464 2849 634 2912 comeantibus,
650 2867 666 2901 a
684 2853 778 2914 ubique
793 2853 859 2902 hanc
875 2852 1001 2902 scribendi
1017 2853 1143 2902 rationem
1158 2866 1268 2902 servans.

146 2955 176 2964 ..
195 2931 306 2964 aecensus
323 2915 496 2974 tuautientibus,
509 2920 540 2968 V.
559 2960 590 2969 -
614 2917 734 2978 scordiscis,
751 2921 796 2970 R¹.
820 2921 938 2971 Ceterum
955 2920 1216 2981 v.Dioscor.3,115.
1234 2960 1266 2968 ..

144 2983 357 3046 aucturetas...
380 3002 430 3033 cum
443 2985 516 3047 melle,
529 2987 630 3036 VR²u.
656 2986 763 3050 etmelle,
779 2982 902 3039 θΒΙΤᾱ.
926 2995 949 3035 et
959 3003 1011 3036 cum
1023 2986 1098 3050 melle,
1109 2989 1142 3039 K.
1162 3028 1193 3037 ..
1215 3002 1268 3036 cen·

145 3058 260 3114 marcum,
271 3047 301 3114 β.
321 3093 351 3102 -
371 3051 415 3114 vel,
427 3054 531 3104 VRad.
549 3062 579 3114 et,
591 3072 610 3105 r.

178 3155 246 3219 §28.
272 3153 392 3218 Vetonica,
403 3157 480 3205 VR¹.
498 3197 529 3205 ..
553 3155 578 3204 iu
590 3171 664 3219 aqua,
681 3171 732 3206 om.
745 3158 789 3208 R'.
808 3200 839 3208 ..
860 3156 1000 3221 purulentia,
1013 3173 1035 3207 a.
1055 3198 1086 3206 -
1106 3154 1268 3219 percolilatoe,

143 3221 246 3272 Va.-
271 3220 491 3282 dracbmc‚VRd.
518 3220 675 3284 diadinae.
702 3222 862 3286 didrachmae,
876 3244 895 3276 r.
915 3267 946 3274 -
967 3222 1078 3288 pondera,
1093 3226 1171 3275 Hard.
1184 3224 1267 3272 tacite.

138 3288 260 3353 ponderis,
272 3287 401 3353 VRadst.
428 3291 545 3342 Ceterum
563 3308 587 3340 v.
604 3293 759 3353 Dioscor.4,
775 3300 830 3345 105.
850 3335 881 3342 ..
901 3291 1035 3357 peucedani
1049 3309 1130 3353 rucue3
1148 3293 1209 3341 hinc
1224 3286 1268 3352 βγ

142 3373 234 3408 novam
248 3362 379 3424 periodum
392 3360 523 3424 incipiunt.
540 3361 596 3410 Nos
608 3361 672 3409 haec
684 3363 760 3410 verba
771 3364 804 3411 ad
814 3364 942 3425 superiora
954 3362 1085 3410 retulimus
1097 3370 1201 3424 propter
1212 3375 1268 3408 ma·

142 3433 222 3475 tatem
239 3429 324 3477 statim
341 3427 407 3477 infra
423 3443 437 3476 e
453 3429 527 3477 codd.
544 3428 688 3477 lectionem.
709 3470 738 3477 -
763 3430 952 3489 acorum,Rad.
979 3445 1102 3491 equorum,
1114 3430 1147 3478 V.
1175 3435 1198 3474 et
1212 3443 1267 3475 aco·

142 3509 202 3553 runt,
211 3489 262 3558 βγ.
281 3503 307 3543 ut
318 3503 341 3542 et
351 3511 454 3555 morum,
464 3496 498 3546 Κ.
511 3534 543 3544 ...
556 3494 687 3545 eudemum
699 3497 812 3554 omnibus,
823 3499 913 3547 R²ad.
931 3495 1060 3544 eudemum
1072 3512 1102 3544 er
1110 3496 1222 3555 omnibus,
1234 3494 1267 3543 V.

142 3576 173 3609 er
184 3562 295 3624 omnibns,
306 3563 350 3612 R¹.
367 3563 446 3612 Nulla
458 3563 484 3611 h.
496 3563 513 3611 1.
526 3572 564 3613 est
576 3579 660 3623 caasa,
673 3579 718 3613 cur
728 3565 765 3612 vis
777 3565 921 3615 salutiferae
933 3563 1007 3614 illius'
1015 3565 1109 3613 herbae
1120 3579 1165 3627 per
1177 3561 1268 3611 demunt

142 3628 294 3689 intendatur,
312 3645 394 3694 neque
410 3631 509 3691 dubito,
529 3632 591 3694 quin
607 3633 706 3681 Plinius
722 3630 803 3680 eadem
821 3631 926 3680 omnibus
943 3633 1076 3695 scripserit.
1102 3633 1215 3682 Litterae
1231 3645 1268 3677 ont

143 3697 228 3746 statim
241 3707 373 3761 sequentes
386 3712 464 3748 causa
480 3697 583 3748 fuerunt
598 3701 765 3763 corruptelae.
785 3741 815 3749 -
837 3699 976 3764 pectoribus,
990 3701 1022 3750 V.
1042 3740 1073 3748 ..
1096 3697 1170 3747 obolis
1187 3698 1268 3758 tribus,

144 3765 225 3813 omitt.
238 3767 304 3815 R'd.
326 3806 355 3814 ..
378 3765 404 3813 in
418 3764 488 3828 paesi
503 3765 605 3826 totidem,
616 3768 680 3817 VR.
708 3767 734 3815 in
746 3767 816 3829 pacti
830 3766 933 3829 totidem,
950 3785 974 3818 a.
1001 3767 1033 3815 im
1046 3766 1114 3830 porat¹
1130 3765 1231 3824 totidem,
1244 3769 1268 3816 d.

142 3830 259 3893 inpasso.
290 3831 403 3893 Totidem
418 3829 469 3898 βγ.
497 3833 590 3882 totidem
607 3833 679 3882 obolis
690 3833 783 3896 bibitur,
795 3852 813 3884 r.
840 3836 1013 3886 Centesimum
1031 3850 1091 3885 vero
1108 3834 1268 3884 videturPli-

143 3898 214 3947 niam
228 3899 328 3962 totidem,
340 3900 392 3949 item
406 3903 467 3951 vab.
480 3902 614 3965 scripsisse.
634 3942 665 3951 -
684 3902 816 3966 cuinrflnr,
829 3905 896 3953 hanc
907 3905 1055 3968 scripturam
1068 3918 1100 3952 ex
1112 3899 1134 3965 β
1145 3903 1268 3952 revocavi.

143 3965 209 4014 cuius
220 3967 316 4030 eatstan,
332 3961 495 4033 Ovssrdr.
513 3968 634 4032 cuiusfloc
646 3977 688 4030 est,
700 3987 724 4022 a.

177 4066 245 4127 529.
268 4066 333 4116 Huic
350 4068 474 4129 tentaris,
488 4071 636 4121 VRTadr.
664 4070 856 4122 Tantoltut’rut's
868 4068 971 4136 estssr.
992 4113 1022 4121 „-
1045 4071 1221 4130 nannientibus,
1234 4072 1268 4120 V.

145 4171 174 4180 ..
194 4131 247 4192 itta,
259 4135 331 4184 Rad.
350 4134 401 4196 itta,
413 4137 447 4186 V.
465 4135 526 4199 olio,
537 4134 567 4200 β.
581 4180 612 4188 -
631 4139 746 4202 repperio,
759 4155 782 4189 a.
803 4182 832 4190 ..
852 4138 967 4201 eacalrbe,
978 4141 1027 4189 Vd
1039 4139 1127 4201 (codd.
1139 4138 1268 4201 Barbari).

143 4199 269 4262 carcallae,
287 4205 337 4252 Ra.
364 4203 473 4253 cacaliae
486 4221 549 4268 quae
565 4213 589 4254 et
604 4205 700 4256 bontice
716 4215 822 4269 vocatur,
834 4209 867 4258 K
894 4206 1068 4256 chamaeleucen
1083 4224 1144 4270 puae
1155 4205 1269 4270 tutulopo

143 4263 238 4332 dicitur,
250 4285 270 4322 r.
284 4311 314 4320 -
333 4277 356 4319 et
367 4270 429 4336 cino,
437 4273 469 4324 Τ.
482 4313 514 4325 ..
533 4273 642 4339 quinque,
651 4274 785 4327 VRTad.
803 4290 894 4340 quoque
902 4275 1011 4340 quinque
1019 4269 1050 4337 β.
1063 4280 1094 4325 ’-
1105 4273 1174 4338 ficit,
1185 4274 1269 4327 VRd·
