2918 4800
437 317 507 361 nra.
526 315 626 361 xxxi.
656 313 734 359 aar.
750 314 798 360 xr.
829 309 927 358 saar.
943 310 974 353 a.
1201 292 1264 354 463

142 475 250 540 levant
271 494 312 536 ex
334 467 436 532 mulso
458 467 602 552 inpositi3
625 466 724 530 iidem
746 463 979 548 abstergendae
992 457 1178 547 lippitudini
1201 458 1264 522 uti-

142 574 266 651 lissimi,
288 593 406 655 eosque
421 569 626 633 tenuissimos
648 578 679 633 et
700 563 904 631 mollissimos
918 585 989 628 esse
1002 573 1137 648 oportet.
1165 559 1265 644 Inpo-

143 687 264 738 nantur
291 686 323 736 et
351 692 512 757 spongeae
537 671 628 755 ipsae
655 666 817 753 epiphoris
835 680 888 730 'ex
915 687 1013 751 pasca
1040 675 1072 729 et
1101 686 1141 728 ex
1173 675 1266 728 saeta

144 776 247 840 calido
269 774 312 838 ad
335 772 448 859 capitis
470 771 613 849 dolores3
638 771 678 835 de
699 781 804 835 cetero
821 780 963 832 recentes
977 766 1162 845 discutiunt,
1186 765 1266 829 mol-

142 877 236 953 liunt,
264 873 424 960 mitigant,
453 883 578 938 veteres
600 894 666 936 non
687 869 848 957 glutinant
869 869 1018 944 volnera3
1049 891 1129 932 usus
1157 889 1267 932 earum

144 978 185 1042 ad
206 973 431 1060 abstergenda,
454 973 603 1051 fovenda,
625 971 801 1057 operienda
821 994 841 1036 a
864 971 944 1049 fotu,
968 970 1045 1034 dum
1067 969 1155 1034 aliud
1168 969 1265 1054 inpo-

144 1090 248 1142 natur.
286 1075 407 1143 Ulcera
437 1097 564 1158 quoque
596 1073 706 1138 umida
733 1084 764 1138 et
793 1072 906 1138 senilia
936 1071 1095 1157 inpositae
1129 1071 1330 1149 siccant31as

144 1177 304 1243 fracturae
332 1189 364 1240 et
391 1177 523 1241 volnera
556 1176 706 1263 spongeis
733 1174 903 1240 utilissime
934 1175 1100 1250 foventur3
1136 1170 1268 1258 sanguis

145 1279 267 1365 rapitur
288 1276 322 1341 in
345 1278 484 1342 secanda
505 1287 542 1341 ut
564 1277 687 1342 curatio
709 1276 851 1362 perspici
872 1276 982 1361 possit
1019 1275 1064 1340 Et
1089 1275 1179 1361 ipsae
1199 1274 1268 1338 vol·

146 1401 258 1443 nerum
281 1377 585 1444 inflammationibus
606 1379 812 1464 inponuntur,
835 1399 922 1442 nunc
937 1376 1051 1456 siccae,
1074 1399 1160 1440 nunc
1179 1383 1269 1439 aceto

145 1480 327 1565 adspersae,
349 1502 437 1545 nunc
458 1479 545 1558 vino,
568 1502 654 1543 nunc
675 1501 759 1563 aqua
779 1478 914 1564 frigida3
938 1501 979 1542 ex
1000 1500 1084 1561 aqua
1101 1499 1180 1541 vero
1195 1498 1269 1542 aas·
1342 1503 1348 1508 ·

146 1581 220 1645 lesti
241 1581 402 1667 inpositae
424 1591 511 1646 secta
532 1581 675 1645 recentia
695 1601 761 1644 non
782 1578 949 1665 patiuntur
969 1578 1192 1644 intumescere.
1214 1577 1270 1640 In-
1286 1596 1333 1641 rai

146 1695 310 1767 ponuntur
332 1694 364 1746 et
385 1681 520 1768 integris
541 1680 687 1767 partibus
715 1680 772 1745 sed
798 1680 947 1744 fluctione
975 1679 1099 1744 occulta
1120 1679 1270 1744 laboran-
1362 1698 1364 1702 ·

148 1783 234 1848 tibus
271 1805 355 1866 quae
387 1781 588 1847 discutienda
615 1783 656 1846 sit
683 1793 715 1846 et
743 1781 784 1846 iis
817 1803 900 1866 quae
928 1792 1127 1868 apostemata
1155 1791 1272 1846 vocant

147 1884 239 1948 melle
261 1883 391 1948 decocto
410 1884 595 1969 perunctis3
617 1882 694 1948 item
716 1883 870 1962 articulis,
893 1882 973 1948 alias
994 1895 1082 1948 aceto
1104 1882 1188 1948 salso
1201 1904 1270 1946 ma·

147 1984 254 2063 didae,
283 1983 363 2048 alias
391 2006 409 2048 e
435 2006 550 2071 posca3
579 1984 607 2048 si
629 1983 753 2049 ferveat
778 1983 918 2069 inpetus,
947 2005 988 2048 ex
1009 2006 1109 2067 aqna3
1141 1983 1272 2048 eaedem

148 2086 227 2151 callo
249 2108 266 2150 e
288 2086 382 2164 salsa,
410 2095 444 2149 at
468 2097 578 2150 contra
600 2085 803 2171 scorpionum
824 2084 907 2149 ictus
935 2106 975 2148 ex
1003 2098 1103 2150 aceto.
1140 2085 1180 2149 In
1202 2084 1271 2150 vol·

148 2209 260 2252 nerum
285 2187 449 2252 curatione
478 2198 510 2253 et
540 2186 669 2251 sucidae
695 2186 788 2250 lanae
815 2185 919 2250 vicem
946 2186 1086 2272 inplent,
1116 2210 1203 2252 nunc
1232 2209 1273 2253 ex

149 2286 223 2352 vino
246 2297 277 2351 et
302 2287 383 2364 oleo,
409 2310 495 2354 nunc
522 2311 562 2352 ex
590 2288 713 2353 eadem.
749 2287 943 2353 Differentia
968 2286 1049 2353 haec
1072 2288 1158 2373 quod
1179 2288 1272 2353 lanae

149 2475 193 2522 que
205 2475 246 2508 eas
258 2460 407 2509 tenuissimas
419 2470 441 2510 et
452 2460 610 2520 mollissimas,
623 2464 669 2512 K'.
688 2461 751 2510 Eam
765 2479 826 2526 quae
839 2461 974 2510 tenuissima
987 2470 1028 2523 est,
1045 2461 1206 2511 mollissimam
1218 2479 1275 2524 esse,

149 2528 199 2576 K².
220 2528 251 2576 ’-
269 2536 292 2576 et
303 2528 426 2592 sponpiae,
442 2522 640 2593 OVRTtlad.
658 2531 779 2594 spongiae,
790 2526 820 2592 β.
839 2572 869 2579 ..
892 2529 967 2593 ipsae,
980 2545 1031 2580 om.
1044 2529 1074 2594 ψ.
1094 2572 1125 2581 ..
1142 2539 1229 2594 poscet,
1241 2532 1275 2580 V.

149 2636 180 2644 -
201 2603 223 2641 et
235 2610 264 2642 es
275 2603 350 2654 aceto,
361 2589 490 2661 Tdssdr.
508 2614 538 2647 ea
549 2607 627 2659 aceto,
644 2600 671 2647 V
688 2596 728 2660 (at
743 2600 793 2648 vid.
809 2599 954 2662 proximem
965 2600 1104 2663 scripturae
1116 2598 1276 2661 varietatem)

149 2656 229 2725 Ββγ.
256 2703 286 2713 ..
310 2661 418 2712 molliunt
436 2665 553 2730 mitigant,
574 2665 636 2730 Vela
664 2665 773 2731 mitigant
792 2665 906 2726 molliunt,
922 2660 1003 2717 ΜΩ.
1027 2709 1058 2717 ..
1086 2684 1131 2716 nan
1150 2666 1277 2732 glutinant,

153 2723 315 2793 dvrtlad
327 2729 468 2794 (Murbac.)
485 2732 659 2798 conglutinant,
675 2730 704 2796 β.
727 2734 844 2798 mitigant,
860 2733 1023 2798 conglutinant
1038 2734 1143 2798 vulnera,
1161 2752 1206 2784 nan
1223 2735 1277 2784 item

150 2806 245 2857 ueteres,
256 2799 290 2848 K.
310 2839 341 2849 ..
360 2797 396 2848 ud
411 2801 576 2865 abstergenda,
588 2795 674 2852 Rldd.
693 2803 724 2851 ab
739 2801 903 2868 abstergenda,
916 2804 949 2854 V.
967 2803 999 2851 ab
1016 2802 1182 2869 adsterqendu,
1195 2802 1225 2867 ψ.
1245 2844 1276 2853 ...

142 2863 261 2928 fouenda,
277 2882 328 2916 orn.
345 2861 377 2917 ld.
401 2909 432 2917 ..
460 2868 596 2932 aperienda,
616 2872 648 2921 R
674 2869 812 2934 aperienda,
833 2870 915 2935 Vdd.
943 2871 1000 2922 Om.
1022 2865 1053 2921 Ω.
1077 2912 1108 2921 ..
1135 2871 1278 2935 imponatur,

150 2928 290 2997 vlt-’Q
308 2934 443 2998 imponitur,
457 2938 481 2985 d.
499 2935 643 3000 adponatur,
659 2931 729 2987 Olet

186 3004 201 3065 ξ
216 3008 271 3052 126.
289 3000 388 3066 sanquis
400 3002 430 3050 iis
441 3003 545 3066 rapitur,
557 3006 590 3054 K.
605 3044 632 3052 -
654 3003 883 3066 inflammationibus
895 3003 1051 3067 inponuntur,
1069 3020 1116 3067 pro
1128 3007 1168 3054 his
1179 3021 1219 3055 vv.
1231 3007 1278 3056 ha·

151 3069 214 3118 bent
235 3069 433 3134 irfiammatianes
452 3070 503 3119 sine
524 3071 669 3134 ciniunys'tur
684 3072 718 3132 V,
742 3070 766 3119 in
803 3070 940 3119 mmadones
959 3070 983 3119 si
1002 3086 1043 3119 nec
1064 3071 1202 3134 inunguitur
1223 3071 1278 3135 (vel

151 3135 284 3201 inunpitur)
301 3131 414 3200 Rdssd.
433 3177 465 3188 ..
489 3154 549 3188 nunc
564 3139 652 3200 aecae,
669 3139 745 3190 VRd
776 3175 782 3188 .
808 3138 951 3199 musiacas,
968 3137 998 3201 ψ.
1019 3180 1052 3190 ..
1076 3155 1148 3199 nuuc,
1164 3133 1277 3190 Vssdii.

151 3219 200 3263 nee,
214 3204 244 3267 ψ.
268 3245 299 3254 -
322 3213 391 3253 acela
404 3221 527 3269 αερενεαε,
547 3202 656 3258 OVdK.
684 3222 713 3254 ea
729 3213 795 3254 aceto
811 3222 937 3269 aspersae,
954 3200 1066 3270 Rada
1083 3205 1225 3270 (Murbae.)
1248 3224 1278 3256 es

152 3279 218 3320 aceto
230 3272 356 3335 inspersae,
368 3268 397 3334 β.
411 3314 441 3323 -
455 3289 516 3322 nunc
528 3273 580 3322 aina
592 3291 653 3322 nunc
665 3290 738 3336 aqua,
752 3267 870 3325 OVRK.
889 3290 950 3322 nunc
961 3273 1016 3322 vina
1028 3290 1088 3323 nunc
1099 3291 1129 3323 ea
1140 3292 1212 3338 aqua,
1223 3269 1276 3326 ldd.

152 3354 194 3386 nec
206 3338 259 3388 aina
270 3356 312 3389 nec
323 3356 353 3388 ea
364 3357 436 3404 aqua,
449 3340 480 3405 ψ.
498 3357 559 3390 nunc
570 3360 582 3391 e
594 3342 647 3390 vina
659 3357 760 3390 nuncet
770 3358 844 3405 aqua,
855 3338 885 3403 β.
898 3383 929 3391 ..
949 3358 978 3390 ea
989 3339 1062 3406 aqua,
1075 3336 1128 3394 ΒΩ
1135 3342 1187 3407 ᾠὰ.
1205 3360 1278 3406 aqua,

153 3407 186 3455 V.
207 3448 237 3455 -
256 3416 327 3465 secta,
341 3410 415 3458 codd.
427 3410 544 3460 Barbari.
562 3410 643 3465 siccat,
656 3403 774 3472 VRldd.
793 3410 890 3471 aucant,
903 3411 956 3459 Td.

186 3476 200 3537 ξ
217 3480 272 3526 127.
282 3475 406 3538 fluctione,
418 3477 524 3527 Barbar.
533 3470 701 3540 VRTlddd.
711 3476 828 3542 fluxione,
841 3479 866 3527 K
876 3475 1016 3539 (Murbac.)
1025 3477 1191 3540 fletetuatione,
1202 3481 1277 3529 codd.

155 3537 254 3603 Gelfi.
273 3584 303 3592 -
324 3559 385 3606 quae
397 3542 551 3604 anastasia,
564 3546 639 3595 codd.
653 3544 710 3605 Gel.
728 3561 783 3610 qua,
801 3539 943 3608 Vllssdd.
967 3586 998 3595 -
1023 3553 1045 3593 et
1059 3545 1102 3603 aa
1118 3563 1164 3610 pro
1182 3548 1222 3596 his
1237 3563 1278 3597 vv.

151 3611 288 3659 habentes
300 3604 488 3675 elevatius.
507 3653 538 3661 -
556 3620 685 3676 apostema,
699 3605 730 3662 Ω.
750 3653 782 3664 ..
800 3612 956 3674 articulariis,
969 3614 1022 3662 Td.
1036 3653 1066 3662 ..
1080 3629 1092 3661 e
1101 3631 1183 3677 pasca,
1195 3607 1278 3667 Riid.

153 3693 268 3740 eposcas,
281 3679 341 3741 Vd.
357 3694 439 3742 pasca,
452 3680 484 3728 K.
498 3720 529 3730 ...
548 3679 577 3741 si,
590 3696 639 3728 om.
653 3679 682 3742 φ.
697 3721 726 3729 ..
738 3681 845 3743 ferveat,
858 3673 931 3743 tlad
943 3678 1030 3741 (codd.
1042 3681 1173 3743 Barbari).
1183 3682 1279 3744 fuerat,

153 3746 216 3794 VR.
229 3787 260 3795 ..
274 3746 304 3794 im
323 3754 380 3802 etus,
393 3740 705 3810 accumulantes).
724 3747 861 3811 imperatus,
872 3749 933 3798 VR.
944 3789 975 3797 .-
988 3747 1090 3811 eaedem,
1103 3750 1127 3799 R
1136 3747 1278 3813 (Murbac.)

153 3811 242 3866 eadem,
263 3814 289 3862 V
306 3813 375 3876 add.
404 3854 434 3862 -
462 3812 536 3875 calla,
557 3814 667 3878 VRdd.
699 3823 721 3864 et
741 3814 815 3876 calla,
836 3810 860 3865 Ω
882 3813 1023 3878 (Murbec.)
1043 3811 1095 3880 fir.
1124 3858 1153 3867 ..
1173 3833 1185 3865 e
1204 3816 1279 3878 salsa,

153 3873 316 3943 VRTlldd
328 3878 469 3942 (Murbae.)
486 3879 553 3931 salsa
564 3881 682 3939 madidae,
694 3878 723 3944 β.
743 3924 774 3932 -
793 3891 826 3942 at,
839 3876 950 3934 R'l'idd.
969 3882 1010 3945 ad,
1023 3884 1082 3948 Vd.
1096 3925 1126 3934 ..
1141 3892 1164 3932 et
1173 3883 1278 3947 sucidae,

153 3940 263 4009 Vlldd.
282 3955 307 3994 ut
318 3947 422 4009 sucidae,
436 3949 466 3998 R.
486 3991 517 4000 ..
536 3966 706 4007 nunc-nunc,
720 3953 801 4001 omitt.
813 3945 955 4014 Vndad.
976 3993 1006 4001 -
1024 3951 1113 4014 cadem,
1127 3953 1211 4015 „forte
1223 3969 1280 4004 euc-

155 4016 211 4064 eida
224 4016 294 4075 lana3
313 4017 358 4064 sed
370 4016 434 4064 haec
445 4017 531 4080 liquor
541 4033 595 4068 non
607 4029 651 4069 est.
671 4020 756 4080 Quare
772 4035 823 4068 non
837 4035 870 4069 ex
882 4021 945 4083 ipss,
957 4023 1000 4069 sed
1013 4034 1089 4069 succo
1101 4021 1163 4082 eius,
1175 4036 1279 4087 oesypo,

154 4083 180 4130 id
197 4084 385 4145 praestiterunt,
403 4085 452 4134 nisi
464 4085 537 4135 malis
549 4103 579 4134 ea
590 4102 669 4148 equa,
686 4089 723 4136 nti
735 4087 907 4146 Dioscorides,
919 4087 1022 4149 Celsus,
1040 4089 1152 4140 Galenus
1166 4091 1278 4141 iubent.”

154 4151 303 4201 GESNER.
317 4152 376 4201 hist.
389 4153 466 4202 anim.
480 4159 504 4212 4,
518 4160 575 4204 894.
604 4154 764 4218 Quamquam
782 4156 809 4205 in
825 4155 971 4206 universam
987 4157 1046 4206 huie
1064 4160 1224 4208 coniecturae
1241 4167 1280 4209 est

154 4219 351 4281 assentiendum,
371 4220 432 4270 licet
448 4233 535 4271 tamen
548 4236 675 4285 quaerere,
692 4238 779 4273 annon
790 4232 850 4274 ante
861 4224 937 4274 verbu
948 4239 1008 4273 nune
1020 4240 1049 4274 ea
1060 4223 1142 4275 eaden
1153 4226 1280 4276 nonnulla

155 4288 304 4350 exciderint,
318 4303 370 4352 qao
381 4288 446 4338 haec
458 4289 539 4340 relate
549 4289 652 4341 fuerint
