2918 4800
189 279 230 342 tu
288 256 292 263 ¹
546 294 749 342 usroasms
771 294 966 342 mercarer.

189 446 340 524 eitreum;
363 468 381 511 e
402 468 484 510 nuce
506 467 582 511 vero
596 445 759 533 iuglande,
782 447 870 530 quod
884 447 1049 531 caryinum
1064 440 1312 532 appellavimus,

189 546 341 631 alopeciis
363 545 441 611 utile
463 555 566 611 estet
588 545 727 610 tarditati
750 546 876 611 aurium
904 546 1062 624 infusum,
1089 547 1169 613 item
1198 549 1314 635 capitis

189 648 291 714 dolori
312 647 448 725 inlitum,
470 657 579 712 cetero
599 645 685 712 iners
708 657 740 711 et
752 648 845 734 gravi
860 670 990 734 sapore3
1013 647 1176 714 enimvero
1193 649 1222 714 si
1237 650 1315 733 quid
1374 647 1377 652 ’
1406 643 1409 650 ’

144 749 146 752 ’
188 750 222 815 in
250 749 363 816 nucleo
389 736 495 834 putidi
521 747 634 826 brerit,
663 756 749 814 totus
777 749 902 814 modius
930 748 1064 834 deperit.
1110 748 1165 814 Ex
1196 748 1314 817 Cnidio
1328 770 1360 814 ss

187 874 288 939 grano
310 851 433 916 factum
454 848 589 914 eandem
610 848 676 914 vim
696 847 793 915 habet
819 871 915 934 quam
942 850 1089 916 cicinum.
1125 851 1314 920 Elentisco
1368 878 1373 885 ·

98 1008 102 1023 .
187 955 307 1020 factum
328 952 534 1018 utilissimum
555 973 655 1036 acopo
677 959 736 1029 est,
757 951 908 1036 idemque
929 952 1102 1038 proficeret
1115 953 1203 1038 quod
1224 977 1313 1020 rosa-
1434 940 1449 1085 l

186 1077 296 1134 ceum,
324 1054 359 1118 ni
386 1051 497 1118 dumus
519 1052 615 1139 paulo
637 1051 891 1139 intellegeretur3
919 1063 1053 1127 utuntur
1080 1078 1119 1122 eo
1147 1065 1181 1121 et
1201 1048 1314 1122 contra
1441 1060 1449 1119 t'

186 1157 300 1221 nimios
328 1155 463 1221 sudores
490 1155 691 1241 papulasque
720 1154 889 1234 sudorum3
924 1156 1064 1222 scabiem
1095 1158 1312 1224 iumentorum
1336 1221 1339 1227 .

187 1257 408 1324 efficacissime
430 1266 531 1321 sanat.
553 1254 748 1321 Balaninum
769 1256 874 1322 oleum
895 1267 1051 1344 repurgat
1071 1279 1176 1336 varos,
1198 1260 1312 1325 burun*
1346 1287 1348 1291 ¹
1447 1254 1449 1279 ²

187 1359 287 1437 culos,
308 1357 493 1447 lentigines,
515 1358 675 1445 gingivas.
970 1419 972 1424 .
1159 1433 1161 1436 ¹

228 1462 282 1525 46.
316 1457 445 1546 Cypros
478 1459 582 1544 qualis
610 1469 695 1525 esset
722 1470 754 1524 et
783 1460 1055 1544 quemadmodum
1082 1483 1124 1527 ex
1152 1482 1191 1527 ea
1222 1462 1314 1528 fieret
1327 1477 1363 1543 so¹

186 1563 292 1628 oleum
305 1562 482 1627 docuimus.
503 1560 630 1626 Natura
648 1561 718 1627 eius
733 1561 913 1644 excalfacit,
936 1562 1057 1628 emollit
1078 1566 1213 1640 neruos3
1236 1563 1314 1630 folia

187 1663 350 1729 stomacho
372 1663 549 1730 inlinuntur
571 1673 602 1729 et
623 1664 736 1728 volvae
752 1663 926 1729 concitatae
943 1686 1039 1729 sucus
1060 1686 1187 1750 quoque
1202 1688 1313 1731 eorum

186 1764 367 1852 adponitur.
402 1763 497 1830 Folia
523 1764 663 1830 recentia
692 1764 946 1833 conmanducata
967 1766 1130 1832 ulceribus
1150 1767 1185 1832 in
1206 1768 1327 1853 capite

186 1865 400 1946 manantibus,
427 1866 505 1932 item
533 1867 598 1931 oris
625 1866 796 1932 medentur
823 1877 855 1933 et
878 1867 1129 1947 collectionibus,
1158 1869 1312 1954 condylo-

187 1969 291 2034 matis.
327 1969 509 2036 Decoctum
529 1969 676 2033 foliorum
698 1968 854 2035 ambustis
876 1979 909 2036 et
928 1969 1048 2035 luxatis
1069 1971 1200 2057 prodest
1207 1997 1222 2049 3,
1239 1971 1313 2056 ipsa
1326 1982 1356 2028 ⁹1

186 2071 294 2136 rufam
316 2071 468 2158 capillum
489 2081 585 2141 tunsa
606 2070 730 2135 adiecto
754 2071 889 2137 struthei
902 2072 978 2137 mali
993 2094 1079 2138 suco.
1103 2071 1182 2138 Flos
1197 2074 1313 2163 capitis

87 2169 92 2181 ¹
187 2173 315 2239 dolores
341 2173 433 2239 scda't
464 2193 537 2238 cnm
566 2183 656 2238 aceto
684 2171 810 2252 inlitus,
844 2174 923 2240 item
950 2173 1127 2241 conbustus
1151 2173 1187 2239 in
1213 2177 1314 2242 cruda

187 2276 250 2341 olla
271 2298 384 2341 nomas
406 2283 500 2339 sanat
522 2284 553 2338 et
573 2274 792 2359 putrescentia
805 2276 913 2342 ulcera
926 2299 986 2362 per
1000 2298 1034 2343 se
1047 2277 1099 2342 vel
1112 2299 1187 2342 cum
1200 2277 1293 2346 melle
1301 2301 1311 2355 ;

187 2376 378 2442 odorfloris
400 2377 475 2453 olet,
499 2374 555 2459 qui
578 2396 726 2464 somnum
745 2376 831 2441 facit.
865 2376 1052 2466 Adstringit
1072 2377 1257 2465 gleucinum
1278 2388 1312 2442 et

187 2478 361 2563 refrigerat
382 2475 494 2541 eadem
515 2474 639 2540 ratione
661 2496 728 2558 qua,
745 2477 1000 2544 oenanthinum.'·

231 2581 283 2643 47.
314 2576 535 2642 Balsaminum
555 2577 651 2662 longe
672 2578 942 2663 pretiosissimum
963 2580 1115 2659 omnium,
1136 2591 1174 2646 ut
1193 2580 1229 2644 in
1249 2601 1312 2643 un-
1326 2591 1359 2638 ⁹2

188 2679 318 2770 guentis
346 2679 503 2757 mamus,
533 2690 645 2745 contra
672 2680 776 2746 omnis
802 2683 963 2770 serpentis
991 2683 1120 2763 efficat,
1147 2679 1313 2749 oculorum

189 2781 326 2850 claritati
354 2781 541 2868 plurumum
568 2780 712 2861 confert,
740 2784 910 2871 caliginem
942 2785 1091 2862 discutit,
1123 2784 1201 2850 item
1233 2783 1313 2868 dys-

188 2907 321 2970 pnoeas,
344 2883 548 2950 collectiones
567 2884 670 2950 omnis
690 2886 890 2971 duritiasque
911 2887 1001 2953 lenit.
1024 2885 1225 2973 Sanguinem
1238 2885 1314 2949 den·

190 2986 254 3054 sari
274 2984 433 3073 prohibet,
454 2986 565 3052 ulcera
584 2973 714 3073 purgat,
737 2978 887 3068 auribus,
898 2989 1021 3075 capitis
1044 2988 1220 3066 doloribus,
1247 2997 1314 3052 tre-

224 3213 293 3278 588.
311 3225 374 3272 vero,
386 3226 437 3262 om.
450 3227 473 3262 a.
487 3252 518 3261 ..
536 3227 658 3278 cumeum,
675 3206 758 3264 ovd.
776 3229 895 3276 carenum,
907 3231 930 3264 a
949 3213 1069 3265 Ceterum
1080 3212 1315 3273 v.Dioscor.1,41.

192 3320 224 3331 ...
233 3277 415 3345 appellavimus,
430 3285 469 3342 15,
482 3283 523 3330 28.
533 3321 565 3331 -
582 3277 668 3344 dolori,
684 3273 787 3333 uuae
802 3278 878 3345 dolor,
890 3282 926 3333 V.
945 3280 1072 3343 dolombus,
1083 3275 1113 3343 β.
1125 3322 1156 3331 ..
1166 3277 1270 3338 inlisum,
1281 3279 1315 3328 V.

191 3389 224 3398 ..
241 3355 324 3411 cetero,
335 3347 420 3399 VTd.
438 3355 545 3413 ceterum,
557 3344 629 3415 αβγ.
648 3391 678 3400 -
698 3349 769 3413 iners,
781 3352 830 3401 ad.
848 3350 941 3412 inesset,
952 3349 986 3401 V.
1010 3391 1041 3400 -
1063 3365 1154 3414 sopore,
1166 3349 1198 3399 Τ.
1217 3388 1249 3397 ...
1268 3361 1316 3410 pu·

193 3413 244 3478 tidi,
255 3415 290 3467 V.
311 3411 519 3480 putridi,adssr.
545 3457 574 3466 ..
608 3425 670 3467 totus
687 3417 831 3480 modicam.
856 3426 916 3468 totus
932 3412 1159 3482 modus,Vadsty.
1183 3413 1251 3464 tostis
1267 3429 1316 3463 mo-

192 3482 248 3547 diis,
260 3487 299 3535 1².
316 3484 419 3534 Nomen
429 3481 513 3532 modus
524 3500 576 3536 om.
587 3486 656 3536 Ptnt.
674 3527 706 3536 ..
722 3487 794 3551 perit,
807 3489 860 3539 Τό.

227 3571 296 3634 §aa
314 3567 438 3630 cuicioum,
450 3570 518 3619 Pina
536 3611 568 3620 -
590 3568 654 3634 quod
668 3587 796 3633 rosaceum,
808 3573 833 3622 d.
852 3561 874 3619 et
890 3586 939 3634 qua
955 3569 1100 3629 drusciacum,
1116 3568 1149 3619 V.
1169 3576 1237 3632 etqua
1248 3583 1317 3616 rosa·

193 3652 266 3698 ceum,
275 3652 299 3687 a.
311 3652 386 3699 aequa
396 3644 422 3685 ut
433 3652 561 3700 rosaceum,
570 3633 621 3703 βγ.
633 3637 668 3687 V.
676 3639 794 3689 Dioscor.
806 3645 829 3699 1,
840 3641 881 3688 bo.
894 3678 925 3688 ..
938 3636 1096 3697 Balesium,
1105 3639 1130 3687 d.
1142 3634 1317 3698 Balouium,a.

194 3702 329 3765 Balinium,
341 3705 375 3755 V.
392 3705 434 3755 Dc
446 3706 496 3777 hoc
508 3707 567 3757 oleo
579 3723 604 3756 v.
615 3707 733 3757 Dioscor.
748 3713 770 3768 l,
783 3712 825 3756 to.
885 3728 888 3736 ¹

229 3787 299 3849 §90-
317 3787 438 3839 docuimus
451 3797 491 3852 12,
506 3797 562 3842 109.
580 3792 641 3842 coll.
653 3792 770 3842 Dioscor.
785 3796 807 3851 1,
821 3794 862 3839 65.
877 3795 933 3840 124.
952 3829 984 3838 ..
1002 3787 1097 3850 emollit,
1113 3781 1242 3839 evuco.
1260 3786 1318 3837 mol-

195 3855 230 3918 lit,
242 3851 272 3917 β.
294 3898 326 3907 ..
353 3857 555 3921 autumamus.
580 3898 611 3908 -
634 3859 743 3920 concitat,
759 3857 815 3908 Vd.
838 3898 869 3908 ..
897 3856 976 3919 moras,
992 3857 1025 3906 V.
1050 3897 1081 3906 -
1108 3863 1138 3919 et,
1156 3871 1207 3906 om.
1223 3871 1241 3920 γ
1256 3856 1318 3904 vitio

195 3939 338 3988 operarum.

228 4009 297 4072 591.
315 4010 406 4072 strutai,
418 4011 452 4062 V.
471 4052 503 4061 ...
521 4010 655 4071 combustis,
667 4009 701 4060 V.
721 4049 752 4059 ..
778 4006 1055 4072 odormrusuavuu
1129 4004 1319 4069 omuumsaciat,

194 4077 286 4130 Dalec.
314 4077 405 4143 Neque
422 4094 576 4144 quemquam
593 4077 683 4142 fugere
698 4085 784 4141 potest
798 4077 876 4128 rerba
893 4075 939 4127 olet
956 4075 1000 4141 qui
1017 4078 1116 4143 interpo
1128 4076 1212 4153 adoni·
1225 4073 1318 4134 deberi,
1348 4104 1351 4109 ·

194 4160 261 4210 quse
287 4148 418 4210 quomodo
444 4147 477 4198 sit
501 4146 626 4207 tollenda,
652 4160 706 4196 non
726 4146 814 4210 liquet.
842 4186 873 4196 ..
904 4144 1043 4211 platanum,
1064 4146 1121 4196 Vd.
1151 4141 1273 4204 amma,
1294 4157 1319 4192 a.

194 4211 313 4272 melinum,
325 4214 360 4276 K,
383 4217 452 4278 qnod
468 4215 559 4279 probat
576 4212 680 4266 Comar.
698 4216 731 4266 ad
748 4213 865 4266 Dioscor.
884 4221 907 4276 1,
926 4219 966 4266 54.
991 4254 1023 4264 ..
1044 4227 1102 4277 qua,
1114 4211 1148 4262 V.
1166 4217 1189 4259 st
1203 4225 1262 4274 qua,
1274 4212 1319 4262 ad.

195 4298 245 4356 qua
256 4289 287 4344 et,
297 4277 351 4348 βγ.
