2918 4800
145 297 206 360 180
496 310 700 357 unwanus
722 310 918 358 ursroamn

143 463 256 542 soluta,
284 461 363 527 alias
385 463 549 528 stomacho
570 462 724 528 inutilem.
763 461 876 527 Trahit
896 462 1046 550 pituitam
1068 464 1134 530 sale
1155 465 1266 532 addito
1279 482 1312 529 aa

142 565 176 629 in
198 576 287 652 potu,
315 564 413 628 bilem
434 563 637 650 aphronitro3
666 565 693 628 si
719 585 780 650 per
808 563 914 629 alvom
940 565 1075 651 purgari
1095 566 1205 646 libeat,
1232 567 1265 631 in

142 690 251 753 posca,
279 666 306 731 si
328 665 508 744 vomitione,
534 667 569 730 in
590 687 687 751 passo
714 677 769 730 aut
790 686 875 750 aqua
900 665 1022 743 mulsa;
1051 669 1157 733 media
1178 669 1267 754 potio

142 767 244 834 tribus
266 768 367 834 obolis
389 767 494 832 datur.
516 766 656 832 Ficosa
679 767 750 832 cibo
773 767 951 854 sumpsisse
965 768 1080 833 melius
1094 781 1154 834 est.
1175 768 1265 835 Fau·

140 871 187 935 cis
208 869 274 935 urit
294 870 424 948 leniter3
455 879 504 934 est
532 868 617 933 enim
644 880 709 932 tam
737 868 891 934 ferventis
918 880 1052 934 naturae
1080 880 1117 934 ut
1144 893 1203 956 per
1230 893 1265 936 se
1322 940 1325 946 ,

140 982 232 1036 extra
253 971 379 1057 corpori
400 970 577 1055 inpositum
604 971 736 1056 pusulas
761 970 888 1058 ignium
914 971 1010 1039 modo
1035 971 1131 1037 iaciat
1152 982 1185 1036 et
1205 994 1265 1059 pro

140 1073 280 1139 caustico
300 1074 336 1137 in
356 1096 419 1138 usu
441 1072 493 1136 sit.

181 1177 234 1240 40.
257 1174 406 1238 Alterum
427 1197 533 1260 genus
548 1173 706 1258 tithymali
720 1174 873 1259 myrtiten
888 1183 1017 1251 vocant,
1039 1173 1094 1239 alii
1108 1175 1263 1260 caryiten,
1278 1193 1310 1239 aa

141 1275 227 1341 foliis
248 1275 345 1361 myrti
367 1274 471 1340 acutis
493 1285 526 1340 et
546 1275 767 1362 pungentibus
790 1276 848 1341 sed
868 1274 1077 1354 mollioribus,
1103 1287 1137 1341 et
1157 1277 1265 1363 ipsum

140 1378 173 1441 in
202 1377 324 1463 asperis
350 1398 496 1442 nascens.
539 1375 744 1463 Collignntur
770 1398 880 1442 comae
906 1378 976 1442 cius
1004 1376 1126 1443 hordeo
1152 1389 1264 1466 turge-

141 1489 251 1543 scente
272 1478 472 1561 siccataeque
493 1477 528 1541 in
549 1476 664 1542 umbra
686 1477 801 1543 diebus
814 1500 930 1544 novem
944 1479 977 1544 in
992 1478 1059 1544 sole
1072 1479 1264 1545 inarescunt.

140 1579 282 1645 Fructus
310 1603 374 1645 non
400 1579 522 1665 pariter
548 1580 735 1645 maturescit
757 1579 815 1645 sed
835 1603 913 1666 pars
934 1602 1019 1645 anno
1041 1592 1206 1664 sequente,
1233 1591 1265 1646 et

140 1704 207 1745 nux
228 1692 377 1756 vocatum
399 1681 475 1745 inde
497 1703 677 1767 cognomen
700 1678 823 1746 Graeci
843 1681 972 1746 dedere.
992 1680 1177 1747 Demetitur
1190 1706 1264 1748 cum
1278 1697 1309 1746 at

139 1783 291 1849 messimn
312 1783 494 1847 maturitate
515 1783 720 1866 lavatumque
742 1782 859 1848 deinde
875 1783 1015 1848 siccatur
1036 1793 1069 1847 et
1082 1784 1178 1849 datur
1191 1799 1263 1854 cum

141 1884 312 1971 papaveris
337 1884 422 1970 nigri
452 1882 579 1949 duabus
607 1883 755 1969 partibus
781 1883 828 1948 ita
855 1893 893 1948 ut
920 1884 963 1949 sit
984 1893 1085 1949 totum
1105 1885 1263 1951 acetabuli

140 1986 266 2065 modus,
292 1985 399 2051 minus
425 1985 478 2051 hic
499 1983 728 2051 vomitionibus
749 2006 847 2070 quam
874 1985 1031 2070 superior,
1057 1987 1154 2051 ceteri
1175 1987 1262 2052 item.
1299 1978 1302 1983 ¹

139 2088 252 2173 Aliqui
276 2088 322 2152 sic
343 2099 376 2153 et
397 2087 508 2152 folium
529 2088 600 2152 eius
621 2086 749 2163 dedere,
771 2107 888 2151 nucem
901 2109 979 2151 vero
992 2087 1096 2173 ipsam
1109 2087 1145 2152 in
1157 2088 1262 2154 mulso

140 2201 195 2255 aut
216 2211 313 2276 passo
335 2188 386 2254 vel
406 2211 481 2253 cum
502 2189 628 2253 sesima.
657 2186 772 2252 Trahit
792 2186 944 2272 pituitam
965 2197 997 2252 et
1016 2186 1114 2252 bilem
1134 2211 1194 2275 per
1214 2190 1262 2254 al·

140 2315 226 2369 vom,
249 2291 313 2356 oris
326 2290 435 2354 ulcera
449 2298 557 2364 sanat3
579 2288 621 2353 ad
635 2310 747 2354 nomas
762 2288 826 2354 oris
841 2288 955 2353 lolium
968 2311 1043 2354 cum
1055 2289 1149 2355 melle
1163 2300 1262 2356 estur.

183 2396 235 2456 41.
265 2391 411 2455 Tertium
433 2413 536 2476 genus
558 2389 717 2473 tithymali
743 2390 901 2474 paralium
923 2401 1053 2455 vocatur
1073 2391 1142 2456 sive
1163 2391 1261 2477 tithy-
1275 2407 1307 2452 aa

141 2493 233 2558 malis
259 2493 333 2557 folio
359 2490 511 2569 rotundo,
541 2491 633 2557 caule
659 2491 802 2576 palmum
828 2491 908 2568 alto,
937 2491 1036 2556 ramis
1061 2492 1262 2571 rubentibus,

142 2595 262 2661 semine
283 2591 356 2658 albo
376 2592 464 2677 quod
486 2592 646 2678 colligitur
666 2591 840 2677 incipiente
854 2615 919 2658 ura
934 2603 965 2658 et
980 2593 1134 2660 siccatum
1148 2594 1263 2660 teritur

142 2696 342 2778 sumiturque
362 2694 520 2781 acetabuli
542 2715 692 2758 mensura
712 2694 755 2758 ad
775 2694 994 2781 purgationes.

183 2800 235 2861 42.
259 2795 418 2877 Quartum
440 2818 545 2881 genus
566 2795 786 2882 helioscopion
808 2796 982 2881 appellant,
1005 2797 1089 2862 foliis
1109 2795 1260 2883 porcilla-
1274 2809 1306 2856 eo

144 2921 211 2977 cae,
233 2897 364 2964 ramulis
385 2897 546 2963 stantibus
567 2919 587 2962 a
607 2897 715 2963 radice
735 2907 885 2983 quattuor
899 2898 1120 2984 autquinque,
1142 2897 1259 2964 rubeu-

175 3145 243 3205 §65.
261 3139 352 3203 addito,
368 3136 506 3194 OVR'I'd.
524 3139 685 3208 adiectaflr.
708 3184 739 3192 ..
761 3141 916 3203 vomitionem,
927 3143 990 3192 VR
1013 3183 1045 3191 ..
1067 3140 1258 3200 mussavltt

148 3251 178 3259 -
190 3208 251 3268 meli,
263 3211 297 3259 V.
308 3251 339 3260 ..
353 3219 389 3258 cst
404 3219 427 3258 et
438 3210 503 3259 aliar
515 3219 572 3272 tam,
583 3213 616 3262 Κ.
632 3251 662 3260 ..
677 3218 710 3271 ut,
721 3210 775 3261 Rd.
793 3217 823 3271 et,
836 3212 869 3259 V.
881 3252 912 3259 ..
924 3218 1001 3270 cetra,
1013 3210 1066 3259 Rd.
1084 3225 1121 3271 ea,
1133 3210 1159 3260 V
1170 3207 1260 3271 (erasis

145 3277 196 3327 lere
209 3278 305 3328 duabus
317 3277 428 3340 litteris).
448 3321 479 3328 -
494 3277 611 3342 pustulas,
621 3273 651 3338 β.
669 3318 700 3326 -
711 3277 803 3338 saciat,
816 3280 841 3327 d.
850 3277 926 3339 facit,
937 3278 1000 3328 VR.
1152 3312 1158 3317 -

175 3347 243 3407 566.
264 3346 382 3410 myrtiten,
395 3348 444 3395 Tr.
466 3346 591 3410 myrtiten,
603 3348 627 3395 d.
648 3345 748 3408 myrtite,
761 3347 793 3395 R.
811 3346 930 3409 myrsitm,
945 3337 975 3394 θ.
992 3343 1113 3408 mystitcm,
1125 3343 1159 3392 V.
1176 3341 1260 3407 myrsi-

141 3411 211 3472 niteu‚
228 3409 279 3476 βγ,
303 3416 372 3476 quod
388 3413 499 3476 praelcrt
515 3414 660 3463 Schneider.
681 3415 713 3460 ad
730 3413 862 3476 Theophr.
880 3414 939 3462 hist.
956 3413 1037 3475 plant.
1055 3411 1103 3461 IX.
1122 3416 1162 3469 ll,
1179 3416 1202 3460 9.
1228 3449 1259 3458 ..

132 3480 254 3543 camitem,
265 3482 370 3530 Barbar.
388 3496 445 3528 caro
456 3488 479 3527 ct
490 3481 523 3539 iu,
536 3481 630 3529 Vllld.
649 3479 773 3540 carosctiu,
785 3482 834 3529 13².
853 3521 884 3529 ...
900 3479 1073 3544 piupuerthhua,
1084 3478 1118 3527 V.

175 3549 247 3608 §tt
269 3547 411 3606 Demetitur,
428 3550 451 3596 d.
483 3547 630 3607 Demittitur,
646 3549 708 3597 VR.
736 3587 768 3595 ..
796 3545 953 3610 lavatumque,
973 3540 1084 3597 OVTd.
1111 3543 1260 3606 locaturque,

141 3609 221 3679 Rssr.
239 3612 318 3674 lotum,
331 3631 351 3662 r.
371 3655 401 3662 -
420 3613 512 3674 deiude,
528 3607 682 3664 OVRTdr.
700 3613 763 3674 dein,
775 3609 826 3679 βγ.
845 3654 876 3662 -
894 3612 976 3674 modo5
987 3613 1065 3662 miuus
1076 3611 1170 3661 hucuca
1181 3611 1259 3660 uomit.

141 3689 211 3744 aptus
223 3697 302 3744 quam,
313 3697 333 3729 r.
354 3720 383 3729 -
403 3680 471 3738 idem,
484 3684 517 3731 V.
530 3722 561 3731 -
580 3682 673 3741 sesima,
685 3683 733 3731 R2.
752 3681 847 3742 resima,
859 3681 893 3731 V.
910 3681 998 3742 resina,
1011 3682 1057 3731 3¹.
1073 3696 1175 3739 mama,
1188 3675 1259 3743 dssr.

143 3789 173 3797 ..
190 3748 301 3811 pituitam
314 3755 336 3795 et
348 3746 422 3807 bilem,
435 3749 518 3798 VRd.
538 3748 605 3797 bilem
617 3756 640 3795 et
648 3748 767 3811 pituitam,
779 3745 832 3813 βγ.
852 3789 883 3798 ,.
901 3757 990 3807 aestur‚
1002 3749 1034 3798 P.

174 3813 394 3932 §68.Rparalium,
415 3809 555 3868 OVRTd.
575 3811 736 3879 paratumst.
759 3857 790 3866 -
814 3815 954 3882 titymcillrs,
965 3817 999 3865 V.
1022 3857 1053 3866 -
1075 3814 1206 3874 aemiued.
1223 3828 1260 3861 se-

140 3898 200 3937 mea,
212 3884 239 3931 V

175 3949 248 4009 §ott
271 3947 433 4014 lelabempim,
450 3951 566 4001 Dioscor.
593 3949 743 4014 leliocopioa‚
759 3952 814 4001 Vd.
840 3950 976 4015 cliocopion,
991 3952 1024 4001 R.
1050 3990 1081 4000 ..
1106 3947 1260 4013 porcillacae,

144 4009 285 4068 OVRTd.
300 4018 447 4081 portulacae,
458 4015 487 4079 β.
507 4060 538 4068 ..
556 4017 613 4079 fflc,
625 4018 659 4068 V.
677 4018 739 4078 Hoc,
751 4014 852 4082 ssdssr.
870 4060 901 4069 -
920 4018 1055 4082 cratissima
1066 4016 1131 4080 quod
1141 4015 1260 4081 colligitur

141 4084 264 4146 incipiente
275 4101 330 4146 uua,
343 4083 451 4148 vltess.
471 4087 521 4137 Sed
532 4095 600 4137 recte
613 4088 764 4136 damnarunt
775 4088 850 4136 verba
866 4086 1020 4148 quod..uua
1030 4087 1128 4146 Dulce,
1141 4086 1221 4136 Hard.
1234 4092 1260 4134 et

142 4153 234 4201 lumin
246 4163 328 4202 nuutt.
342 4154 417 4204 litter.
430 4155 532 4203 Monac.
547 4160 620 4204 1836.
636 4170 680 4203 no.
695 4156 751 4204 167.
767 4162 797 4203 ut
811 4156 917 4217 repetita
932 4169 946 4203 e
963 4157 977 4217 ξ
995 4160 1035 4204 68.
1060 4194 1090 4202 ..
1114 4152 1213 4216 accepit,
1224 4152 1258 4201 V.

141 4220 235 4283 accipit,
247 4223 351 4284 RKdy.
372 4263 402 4270 ..
421 4222 523 4283 inferna,
535 4221 584 4270 Re
603 4222 704 4282 iuterna,
716 4222 812 4271 VB'd.

175 4291 189 4351 ξ
204 4293 242 4339 70.
264 4287 351 4345 Quinto
362 4288 435 4351 quod3
452 4291 487 4340 ita
498 4305 544 4339 nos
556 4290 702 4354 scripsimus
713 4297 815 4353 propter
826 4288 902 4337 verba
912 4288 1044 4350 sequentia
1056 4302 1070 4337 e
1082 4290 1154 4339 codd.
1167 4287 1259 4351 partim
