2918 4800
201 294 261 357 268
553 311 756 356 uarunnms
779 309 974 355 merearis

246 464 294 524 12.
327 460 501 547 Magorum
531 462 610 527 haee
639 473 807 526 conmenta
830 473 920 538 sunt,
952 471 986 525 ut
1008 475 1110 524 cotem
1132 481 1196 541 qua
1219 458 1322 522 ferra·
1336 475 1370 522 47

200 572 306 626 menta
335 585 430 648 saepe
458 575 592 628 exacuta
621 564 685 628 sint
713 563 890 629 subiectam
917 561 1023 648 ignari
1051 558 1260 625 cervicalibus
1283 559 1324 623 de

200 663 354 727 veneficio
376 663 551 728 deficientis
574 686 709 729 evocare
730 664 895 742 indicium,
919 675 955 727 ut
976 662 1046 747 ipse
1068 661 1153 749 dicat
1167 660 1246 743 quid
1261 658 1324 723 sibi

200 766 310 829 datum
333 765 375 829 sit
397 776 428 829 et
450 763 505 828 ubi
529 777 559 830 et
580 787 644 849 quo
666 777 825 850 tempore,
855 776 1015 829 auctorem
1043 773 1148 827 tamen
1176 786 1241 827 non
1263 784 1322 828 no-

199 865 330 929 minare.
367 867 514 931 Fulmine
544 866 654 950 utique
684 890 856 952 percusso,
891 867 1118 931 circumactum
1145 864 1180 928 in
1208 865 1324 928 volnus

199 965 359 1031 hominem
379 968 468 1050 loqui
489 969 636 1053 protinus
658 979 795 1033 constat.
818 966 1011 1055 Inguinibus
1034 967 1203 1030 medentur
1223 965 1323 1049 aliqui
1338 985 1370 1028 as

199 1066 309 1133 licium
338 1069 419 1132 telae
446 1069 625 1134 detractum
652 1069 832 1157 adligantes
859 1069 991 1133 novenis
1014 1068 1196 1153 septenisve
1217 1067 1323 1144 nodis,

200 1169 241 1232 ad
270 1169 414 1255 singulos
440 1171 639 1235 nominantes
665 1171 796 1235 viduam
828 1171 968 1255 aliquam
996 1182 1094 1253 atque
1122 1169 1168 1232 ita
1196 1168 1323 1253 inguini
1409 1218 1415 1229 .

200 1269 427 1358 adalligantes3
450 1271 524 1336 licio
546 1284 577 1336 et
599 1274 721 1337 clavom
743 1273 870 1337 aliudve
893 1272 979 1355 quod
993 1271 1066 1354 quis
1081 1270 1250 1335 calcaverit
1264 1270 1322 1333 ad-

199 1372 336 1459 ligatum
364 1373 451 1458 ipsos
480 1372 593 1438 iubent
615 1396 728 1462 gerere
749 1397 791 1440 ne
814 1374 856 1439 sit
878 1373 979 1438 dolori
1001 1373 1125 1439 volnus.
1158 1372 1324 1437 Verrucas

202 1474 332 1539 abolent
353 1497 372 1537 a
394 1475 544 1538 vicesima
565 1475 642 1540 luna
671 1475 705 1539 in
730 1475 886 1540 limitibus
907 1474 1015 1560 supini
1037 1475 1140 1561 ipsam
1160 1476 1324 1538 intuentes

201 1575 286 1639 ultra
313 1587 410 1661 caput
437 1576 585 1641 manibus
611 1578 766 1663 porrectis
788 1588 820 1642 et
840 1576 999 1661 quidquid
1021 1576 1262 1662 adprehendere
1285 1597 1323 1638 eo

200 1677 360 1743 fricantes.
385 1675 519 1744 Clavem
542 1679 685 1765 corporis
705 1702 778 1743 cum
793 1679 877 1743 cadit
895 1679 986 1743 stella
1001 1678 1029 1742 si
1044 1678 1116 1761 quis
1131 1677 1322 1762 destringat,
1337 1693 1370 1737 aa

201 1781 252 1844 vel
281 1780 343 1846 cito
372 1781 477 1844 sanari
506 1781 596 1845 aiunt
624 1781 807 1845 cardinibus
829 1781 984 1845 ostiorum
1006 1791 1096 1844 aceto
1117 1778 1244 1854 adfusa,
1272 1778 1323 1841 lu·

201 1893 269 1946 tum
301 1882 400 1947 fronti
431 1883 557 1947 inlitum
590 1884 703 1968 capitis
737 1882 878 1947 dolorem
906 1880 1035 1960 sedare,
1068 1882 1144 1945 item
1172 1881 1322 1963 laqueum

201 1984 403 2070 suspendiosi
425 1985 654 2050 circumdatum
671 1982 888 2067 temporibus3
913 1984 939 2048 si
955 1983 1032 2066 quid
1048 2005 1065 2046 e
1080 1983 1169 2069 pisce
1185 1981 1323 2046 haeserit

200 2085 360 2164 faucibus,
383 2087 496 2151 cadere
516 2086 665 2151 demissis
679 2085 712 2149 in
728 2085 1009 2172 aquamfrigidam
1023 2085 1175 2170 pedibus,
1200 2083 1227 2148 si
1247 2104 1323 2147 vero

201 2210 241 2251 ex
264 2188 336 2252 aliis
358 2188 496 2264 ossibus,
519 2188 667 2275 inpositis
690 2188 788 2272 capiti
811 2211 851 2251 ex
873 2187 986 2252 eodem
1008 2210 1086 2251 vase
1108 2184 1271 2260 ossiculis3
1296 2184 1323 2248 si

200 2290 293 2374 panis
315 2289 455 2368 haereat,
479 2313 519 2355 ex
541 2290 653 2355 eodem
676 2290 710 2354 in
731 2300 899 2373 utramque
921 2311 1028 2353 aurem
1050 2288 1158 2352 addito
1179 2309 1274 2372 pane.

245 2391 294 2456 13.
319 2390 408 2472 Quin
428 2401 458 2455 et
478 2391 580 2456 sordis
594 2391 733 2457 hominis
747 2392 781 2454 in
795 2391 922 2479 magnis
938 2391 1045 2455 fecere
1059 2389 1209 2455 remediis
1223 2410 1322 2472 quae-
1338 2402 1370 2447 ao

201 2503 384 2558 stuosorum
405 2494 574 2580 gymnasia
590 2490 804 2570 Graecorum3
828 2493 950 2578 quippe
973 2514 1011 2557 ea
1033 2492 1221 2579 strigmenta
1241 2489 1323 2553 mol·

200 2593 292 2672 liunt,
316 2594 515 2673 calefaciunt,
539 2595 728 2673 discutiunt,
752 2596 913 2680 conplent,
931 2595 1047 2659 sudore
1061 2604 1094 2658 et
1107 2593 1176 2659 oleo
1191 2590 1323 2656 medici-

201 2717 276 2759 nam
286 2697 485 2761 facientibus.
500 2696 614 2762 Volvis
628 2697 833 2762 inflammatis
848 2696 1080 2778 contractisque
1096 2695 1323 2767 admoventur3

203 2798 248 2862 sic
276 2808 308 2862 et
336 2821 461 2864 menses
490 2800 591 2875 cient,
625 2799 711 2864 sedis
744 2798 1010 2863 inflammationes
1042 2807 1073 2860 et
1101 2796 1324 2880 condylomata

201 2899 341 2977 leniunt,
369 2901 444 2964 item
466 2923 636 2966 nervorum
657 2901 796 2978 dolores,
825 2901 952 2979 luxata,
983 2898 1189 2963 articulorum
1211 2897 1323 2962 nodos.

238 3059 307 3120 §42
325 3065 358 3118 ut,
370 3059 422 3107 Rd.
441 3057 490 3120 qui,
503 3061 536 3108 V.
562 3099 592 3107 ..
616 3067 725 3117 exacuta,
738 3063 761 3108 d.
780 3067 803 3106 et
814 3067 923 3120 macuta,
935 3059 997 3108 VR.
1019 3098 1049 3105 -
1067 3054 1156 3120 iuuari,
1170 3056 1193 3102 d.
1212 3051 1322 3116 migrari,

202 3125 264 3176 VR.
278 3165 310 3174 -
323 3125 438 3187 benaiam,
452 3127 484 3176 V.
499 3167 528 3176 ..
543 3125 603 3189 quid
612 3127 644 3175 sit
655 3126 701 3175 sabi
712 3126 792 3175 dutum
804 3126 843 3188 sit,
855 3130 886 3178 R.
901 3168 931 3175 -
944 3124 1061 3175 Fulminis
1073 3124 1152 3187 utique
1160 3137 1282 3187 percussu,
1292 3121 1325 3170 K.

237 3196 251 3257 ξ
265 3201 304 3244 48.
324 3191 413 3255 liceum,
425 3195 459 3244 V.
478 3193 545 3254 licen,
558 3196 589 3245 R.
609 3236 640 3243 ..
655 3193 730 3254 nodis,
743 3197 768 3244 V
784 3204 843 3245 ante
860 3196 969 3245 litteram
985 3210 1000 3242 n
1018 3194 1096 3243 erasis
1113 3192 1210 3242 duabus
1227 3189 1325 3244 litteris,

204 3277 310 3324 quarum
323 3264 445 3326 posterior
458 3264 556 3312 videtur
567 3279 579 3310 e
591 3262 677 3313 fuisse.
697 3305 727 3312 -
752 3263 850 3328 inquiat,
862 3258 978 3313 OVRK.
998 3261 1103 3325 inquina,
1117 3253 1166 3319 ᾱβ.
1186 3299 1216 3307 ..
1236 3254 1325 3305 adalli-

202 3338 294 3393 pantes,
307 3331 390 3379 VRd·
415 3329 550 3395 alliqantea
562 3325 621 3391 Κβ.
640 3372 671 3380 ..
691 3330 754 3391 licio,
771 3327 848 3392 Vdst
861 3328 904 3393 (ad
923 3331 1053 3394 superiora
1065 3323 1197 3388 referens).
1217 3324 1282 3385 liceo,
1295 3326 1325 3375 R.

205 3396 291 3459 licium,
307 3401 333 3448 Κ
345 3396 390 3461 (ad
403 3401 536 3463 superiora
548 3398 682 3461 referens).
701 3441 733 3449 ..
752 3397 871 3460 claudum,
883 3399 913 3448 R.
932 3440 963 3447 ..
983 3397 1048 3458 ictos,
1060 3397 1092 3446 K.
1112 3437 1143 3444 ..
1168 3393 1281 3452 Vernaus,
1292 3392 1326 3441 V.

206 3507 236 3514 -
255 3466 355 3528 abolent,
373 3469 404 3517 T.
426 3465 526 3527 avolent,
543 3468 626 3517 VRd.
649 3465 760 3528 avellunt,
777 3462 828 3530 βγ.
846 3508 877 3516 -
901 3465 1035 3523 vicensima,
1047 3465 1081 3513 V.
1102 3503 1132 3512 ..
1151 3460 1276 3520 liminibus,
1293 3461 1326 3510 K.
1396 3488 1400 3495 ·

208 3575 237 3582 ..
257 3533 375 3598 quiequid,
387 3535 449 3583 VR.
469 3577 497 3585 -
519 3533 702 3598 apprehendere,
718 3527 856 3585 OVRTd.
875 3531 1076 3597 corpulentiae,
1088 3527 1117 3592 β.

239 3622 310 3682 §aa
329 3618 402 3679 cadit,
424 3612 535 3669 OVRd.
558 3617 638 3680 cadat,
656 3614 684 3680 β.
710 3659 741 3668 ..
768 3612 937 3682 destrinyatu',
954 3619 988 3679 V,
1006 3618 1074 3666 unde
1087 3613 1220 3679 destriaqat
1232 3615 1326 3677 scripsi.

206 3685 344 3750 distrinpat,
357 3682 458 3750 Rdssr.
477 3690 611 3737 Praeterea
621 3702 682 3737 vero
696 3686 733 3736 vel
745 3688 877 3736 delendum
891 3696 954 3750 puto
967 3694 995 3735 ut
1006 3693 1090 3734 ortum
1102 3699 1136 3733 ex
1147 3700 1162 3731 u
1174 3683 1328 3746 praeceden-

206 3755 238 3805 tis
250 3756 320 3804 vocis
333 3758 471 3804 secundam
484 3756 516 3815 V,
534 3771 689 3819 quamquam
701 3772 794 3819 gnarus
811 3752 848 3803 vel
863 3756 939 3805 etiam
955 3769 1012 3803 eum
1029 3753 1139 3815 positivo
1156 3750 1239 3813 iangi3
1256 3765 1280 3798 v.
1296 3751 1329 3798 ad

207 3829 231 3884 2,
245 3828 285 3871 25.
306 3863 335 3870 -
355 3831 476 3882 octaorum,
489 3825 522 3872 V.
544 3864 573 3872 -
592 3821 700 3887 adsumis,
712 3823 796 3873 VRd.
815 3864 845 3873 ..
866 3821 957 3882 sedare,
970 3822 1002 3871 R.
1020 3819 1108 3879 sedari,
1124 3811 1204 3869 OVd.
1223 3859 1254 3866 -
1272 3816 1329 3864 ltue-

206 3890 271 3949 serit‚
284 3892 337 3940 Rd.
356 3890 433 3950 eserit,
447 3892 480 3941 V.
500 3889 633 3951 inhaeserit,
645 3892 678 3939 K.
699 3932 728 3939 -
748 3908 760 3938 e
769 3891 894 3955 saucibus,
907 3892 961 3941 Vd.
981 3888 1130 3952 usuaribus,
1143 3888 1174 3937 R.
1195 3928 1225 3935 ..
1245 3882 1329 3934 cadere

206 3957 313 4007 amasa
326 3958 350 4006 in
362 3957 579 4022 aquamfrigidam
589 3957 696 4020 pedibus,
709 3960 772 4008 VR.
797 3957 904 4008 demissis
916 3959 939 4007 in
952 3955 1167 4022 aquamfriyidam
1177 3953 1277 4018 pedibus
1288 3969 1329 4001 ca·

207 4025 270 4087 dere,
284 4028 307 4075 d.
326 4025 450 4089 inaquam
463 4025 568 4076 minaeis
573 4023 694 4089 frigidam
704 4025 803 4091 pedibus
816 4025 907 4088 cudere,
919 4023 971 4090 βγ.
987 4068 1016 4075 ..
1035 4042 1064 4074 ea
1076 4022 1220 4074 animalibus
1232 4020 1329 4080 assibus,

207 4095 239 4144 Κ.
259 4136 288 4142 -
309 4110 373 4156 uase,
390 4088 529 4145 OvaTc.
548 4109 606 4154 osse,
618 4089 647 4154 β.
669 4135 698 4142 -
719 4101 800 4155 terent,
813 4096 845 4145 V.
866 4135 896 4143 ..
914 4092 1004 4152 audito,
1016 4095 1079 4144 VR.

242 4161 256 4220 ξ
270 4158 309 4210 50.
328 4159 431 4211 homines
443 4161 565 4226 inraqines,
577 4162 640 4211 VR.
652 4203 682 4210 ..
696 4170 852 4224 quantorum,
865 4166 888 4212 d.
906 4162 1035 4225 quaestivo,
1046 4162 1106 4210 VR.
1118 4201 1147 4209 ..
1159 4157 1294 4224 gymnasia,
1305 4158 1328 4205 d.

207 4228 305 4290 aymnit,
319 4230 380 4279 VR.
402 4272 430 4280 ..
450 4231 553 4288 iactata,
566 4228 597 4278 R.

243 4294 310 4355 §5L
329 4296 494 4359 raumara.
512 4294 605 4357 addam
619 4300 642 4346 d.
667 4291 862 4358 udeadun,ssr.
882 4338 912 4345 -
932 4295 1113 4360 suppuratoriis,
1126 4296 1158 4344 V.
1184 4335 1213 4343 ..
1237 4299 1292 4340 eunt
1308 4297 1331 4340 et
