2918 4800
424 315 636 360 urnxxvm.
669 312 746 358 cnm
764 313 800 357 11.
833 311 958 380 saeui
980 315 997 354 s.
1203 293 1265 355 259

148 464 243 530 etiam
264 466 298 529 in
321 476 476 530 nocturna
498 465 611 549 quiete.
633 464 741 528 Etiam
760 464 900 550 parietes
915 463 1135 526 incendiorum
1150 461 1265 545 depre·
1279 477 1311 521 ao

147 566 326 632 nationibus
359 566 612 632 conscribuntur.
645 565 759 651 Neque
792 577 840 630 est
871 564 963 629 facile
996 563 1099 641 dictu,
1135 576 1267 628 externa

147 669 246 733 verba
277 680 373 754 atque
399 668 571 734 ineffabilia
605 668 762 754 abrogent
790 667 885 732 fidem
913 666 1051 731 validius
1080 688 1120 729 an
1149 665 1267 730 Latina

146 771 311 857 inopinata
333 785 365 836 et
387 793 468 854 quac
489 770 660 835 inridicula
682 769 783 835 videri
805 770 891 854 cogit
913 768 1038 832 animus
1061 789 1186 852 semper
1207 768 1265 832 ali-

147 873 226 957 quid
246 874 425 939 inmensum
447 882 634 957 exspectans
657 895 696 936 ac
717 871 852 958 dignum
879 870 938 934 deo
965 870 1139 946 movendo,
1169 869 1267 934 immo

148 997 221 1039 vero
244 976 331 1058 quod
352 973 476 1039 numini
498 975 631 1060 inperat.
669 973 761 1039 Dixit
782 972 943 1038 Homerus
971 971 1162 1056 profluvium
1191 994 1266 1035 san·
1280 987 1309 1031 21

146 1076 255 1163 guinis
281 1078 444 1142 volnerato
471 1076 591 1140 femine
619 1075 740 1140 Ulixen
772 1074 949 1140 inhibuisse
976 1074 1130 1151 carmine,
1160 1072 1266 1139 Theo·

146 1177 296 1264 phrastus
322 1178 513 1244 ischiadicos
542 1177 665 1252 sanari3
695 1175 778 1242 Cato
804 1176 945 1262 prodidit
973 1175 1093 1240 luxatis
1115 1175 1266 1241 membris

147 1303 274 1345 carmen
296 1281 461 1360 auxiliare,
484 1280 532 1345 M.
555 1279 661 1345 Varro
683 1278 846 1366 podagris.
883 1275 1057 1342 Caesarem
1079 1277 1266 1343 dictatorem

147 1394 220 1466 post
248 1405 348 1447 unum
376 1383 549 1467 ancipitem
571 1381 708 1447 vehiculi
731 1403 839 1445 casum
862 1379 971 1444 ferunt
993 1402 1119 1466 semper
1140 1390 1177 1445 ut
1199 1379 1265 1465 pri-

146 1507 233 1548 murn
265 1483 478 1560 consedisset,
511 1483 545 1546 id
578 1482 666 1566 quod
691 1483 862 1567 plerosque
890 1504 976 1545 nunc
1003 1482 1107 1546 facere
1138 1481 1266 1559 scimus,

147 1585 286 1651 carmine
315 1596 365 1650 ter
391 1585 529 1668 repetito
557 1584 758 1648 securitatem
779 1583 928 1646 itinerum
949 1582 1105 1667 aucupari
1128 1584 1266 1648 solitum.

189 1687 218 1751 5.
241 1684 340 1751 Libet
360 1686 443 1751 hanc
464 1698 588 1772 partem
608 1685 807 1773 singulorum
826 1705 954 1767 quoque
969 1683 1162 1749 conscientia
1176 1706 1266 1749 coar·
1281 1700 1312 1744 22

146 1810 256 1873 gnere.
291 1785 361 1853 Cur
388 1788 471 1852 enim
499 1787 639 1873 primum
665 1786 741 1849 anni
767 1784 949 1872 incipientis
972 1785 1058 1850 diem
1078 1784 1169 1850 laetis
1192 1807 1265 1871 pre·

146 1888 323 1954 cationibus
344 1889 482 1954 invicem
505 1889 647 1953 faustum
676 1887 877 1952 ominamur?
910 1909 968 1951 cur
992 1886 1129 1972 publicis
1155 1885 1267 1952 lustris

146 1990 243 2054 etiam
255 1989 385 2055 nomina
400 1991 546 2056 victimas
567 1989 750 2054 ducentium
772 2010 927 2073 prospera
948 1986 1115 2074 eligimus?
1137 2010 1195 2052 cur
1216 1987 1266 2052 ef-

145 2091 408 2158 fascinationibus
430 2091 617 2159 adoratione
638 2090 793 2178 peculiari
815 2089 1009 2154 occurrimus
1032 2089 1084 2154 alii
1107 2087 1267 2154 Graecam

144 2190 309 2258 Nemesim
330 2194 527 2272 invocantes,
551 2194 643 2259 cuius
665 2192 706 2259 ob
728 2192 762 2256 id
784 2191 907 2257 Romae
929 2191 1133 2256 simulacrum
1154 2191 1188 2254 in
1204 2188 1267 2255 Oa·

147 2294 258 2378 pitolio
281 2307 339 2373 cst,
361 2297 508 2379 quamvis
530 2295 682 2361 Latinum
704 2317 821 2361 nomen
842 2317 907 2359 non
929 2293 989 2358 sit?
1023 2316 1081 2358 our
1107 2294 1147 2357 ad
1176 2314 1266 2359 men·
1279 2307 1311 2352 aa

145 2397 264 2460 tionem
286 2396 511 2463 defunctorum
533 2409 686 2464 testamur
706 2397 893 2462 memoriam
916 2417 1027 2460 eorum
1047 2417 1067 2459 a
1087 2395 1181 2461 nobis
1201 2417 1266 2460 non

146 2497 328 2563 sollicitari?
350 2521 408 2562 cur
428 2499 556 2585 inpares
577 2521 726 2564 numeros
748 2498 789 2562 ad
808 2498 916 2563 omnia
929 2496 1179 2562 vehementiores
1195 2520 1264 2562 cre-

147 2599 255 2664 dimus
289 2599 385 2683 idque
417 2600 450 2663 in
476 2599 620 2665 febribus
649 2601 774 2665 dierum
801 2599 1024 2665 observatione
1048 2598 1265 2686 intellegitur?

146 2723 203 2765 cur
231 2701 273 2764 ad
299 2701 457 2786 primitias
484 2723 650 2787 pomorum
677 2701 756 2766 haec
782 2712 893 2765 vetera
927 2722 996 2764 esse
1023 2700 1171 2777 dicimus,
1202 2700 1265 2765 alia

144 2825 228 2904 nopa
253 2803 421 2889 optamus?
454 2826 511 2867 cur
541 2803 736 2868 sternuentis
765 2802 955 2880 salutamus,
977 2802 1064 2886 quod
1087 2801 1182 2866 etiam
1205 2800 1262 2865 Ti·

144 3024 204 3071 nere,
215 3005 355 3061 OVRTd.
373 3012 484 3070 cecinere,
497 3014 553 3062 cod.
563 3012 691 3062 Torrentii
702 3013 735 3060 cd
746 3012 836 3061 Horat.
849 3027 925 3062 carm.
938 3011 959 3059 Ι.
972 3016 1011 3071 16,
1023 3015 1072 3072 26,
1085 3011 1127 3073 qui
1139 3015 1263 3057 recantare

144 3077 213 3140 legit.
232 3077 360 3140 incantari,
372 3075 401 3140 β.
421 3121 451 3128 -
471 3079 554 3142 quiete,
566 3081 619 3129 Rd.
637 3078 686 3143 qui,
698 3080 732 3128 V.

177 3147 244 3209 §20.
271 3145 363 3208 Etiam,
376 3149 438 3197 VR.
466 3147 522 3206 iam,
539 3151 563 3198 d.
581 3189 612 3196 --
636 3145 863 3207 circumscribuntur,
879 3147 911 3196 K
931 3186 961 3194 ..
986 3145 1106 3210 abroyent,
1121 3135 1262 3194 OVRTa

143 3208 261 3278 derepent,
281 3217 353 3264 codd.
365 3216 479 3274 Barbari,
491 3210 521 3276 β.
543 3256 567 3263 -
590 3231 629 3274 cn,
648 3215 846 3265 coddBarbari.
870 3213 901 3272 in,
914 3213 998 3261 VRd.
1020 3253 1050 3261 ..
1069 3211 1164 3272 Latine,
1176 3211 1210 3260 V.
1229 3252 1260 3260 -

143 3279 278 3344 inridicula,
292 3285 354 3332 VR.
373 3279 505 3344 irridieula,
518 3284 592 3347 Tdr.
611 3279 723 3341 ridicula,
734 3276 763 3342 β.
781 3320 812 3328 -
831 3295 867 3339 ac,
880 3281 933 3329 Rd.
952 3277 993 3339 cd,
1005 3280 1039 3328 V.
1052 3274 1083 3328 ’-
1102 3277 1198 3338 nomini,
1210 3278 1244 3327 V.

177 3347 249 3407 §2l.
275 3350 401 3408 Homeros,
417 3351 452 3398 V.
475 3351 563 3414 Odyss.
581 3365 603 3408 τ,
616 3354 672 3397 455.
695 3389 726 3397 ..
755 3345 849 3407 Ulixen,
865 3348 915 3396 Ra
947 3346 1028 3408 Ulr'are,
1047 3347 1091 3396 1³¹.
1123 3344 1210 3411 Ulyxe,
1227 3345 1261 3395 V.

148 3412 247 3476 Ulixem,
256 3413 284 3476 β.
302 3415 417 3482 Ulyssem,
426 3418 470 3467 Kd
477 3432 502 3480 γ.
513 3458 544 3466 ..
561 3414 736 3478 Theophrastus
748 3430 788 3493 ap.
797 3414 893 3464 Athen.
905 3420 943 3463 14.
956 3431 981 3478 p.
992 3420 1049 3464 624.
1058 3414 1092 3464 A.
1103 3414 1161 3463 coll.
1171 3415 1260 3478 Apoll.

142 3483 246 3532 mirabb.
259 3489 299 3534 49.
314 3525 344 3535 ..
367 3482 425 3534 Cato
438 3486 469 3534 dc
481 3500 508 3534 rc
519 3493 579 3534 rust.
595 3488 649 3534 160.
664 3524 695 3531 ..
714 3480 841 3544 auxiliare,
855 3474 965 3531 OVRd.
984 3480 1108 3541 auxiliari,
1119 3476 1149 3542 β.
1163 3522 1193 3530 -
1211 3479 1260 3544 ple-

141 3565 235 3612 rusque,
248 3552 282 3600 V.
301 3595 331 3604 ..
358 3561 392 3600 ter
403 3551 508 3616 repetito,
521 3551 600 3603 VR².
628 3557 689 3598 crete
697 3549 837 3614 petito,R¹.
863 3556 926 3598 crete
938 3548 1032 3613 petitos,
1045 3551 1070 3598 d.
1088 3591 1119 3598 ..
1144 3548 1261 3611 itinerum,

141 3618 212 3667 R2d.
236 3617 328 3679 iterum,
344 3614 446 3669 9VR¹.

176 3688 244 3748 §22
262 3685 341 3749 Libet,
358 3682 494 3738 OVRTd.
512 3686 587 3746 Licet,
599 3681 627 3747 β.
648 3727 678 3734 ..
697 3685 758 3735 hanc
767 3692 868 3750 partem,
885 3677 1024 3736 OVRTd.
1047 3683 1092 3733 hac
1104 3685 1127 3733 in
1136 3692 1215 3749 parte,
1228 3685 1261 3734 K.

142 3751 203 3800 banc
214 3753 239 3800 in
249 3764 351 3816 partem,
362 3750 391 3816 β.
410 3797 442 3805 -
460 3753 608 3814 conscientia,
620 3755 710 3804 VRT.
729 3753 901 3814 conscientiam,
913 3751 942 3814 β.
960 3751 1105 3812 conscientie,
1117 3755 1140 3801 d.
1159 3793 1190 3800 ..
1206 3768 1262 3814 pre·

141 3819 272 3868 coctionibus
285 3820 361 3883 laetis,
375 3824 399 3871 d.
418 3864 448 3872 ..
467 3823 576 3884 eur,R².
603 3838 662 3882 cum,
675 3824 699 3872 d.
726 3838 785 3883 eum,
798 3823 832 3871 V.
856 3823 986 3882 reum,R¹.
1006 3861 1037 3870 ..
1053 3818 1163 3883 puplicis,
1177 3821 1210 3869 V.
1229 3859 1260 3869 ...

142 3886 248 3947 numina,
261 3889 284 3936 d.
304 3929 335 3937 ..
351 3905 469 3952 prospera
480 3889 594 3954 elipimus,
606 3891 709 3939 Barbar.
731 3905 844 3953 prospere
856 3888 961 3954 lepimus,
973 3890 1007 3938 V.
1028 3903 1144 3952 prospera
1157 3885 1262 3950 leqimus,

140 3950 240 4019 Rossy.
260 3997 290 4005 ..
316 3957 541 4020 effascinationibus,
557 3952 696 4007 OVRTd.
723 3965 746 4005 et
753 3956 965 4020 fascinationibus,
981 3951 1032 4019 βγ.
1053 3996 1083 4005 ..
1106 3953 1263 4005 adiuratione

138 4021 267 4084 peculiare,
280 4025 313 4073 V.
333 4064 364 4072 -
387 4022 459 4085 alias,
472 4026 504 4075 Κ.
525 4066 556 4074 ..
574 4023 701 4085 Nemesim,
713 4026 745 4074 R.
774 4023 894 4084 Nemesin,
908 4021 1010 4088 Vdstr.
1029 4064 1060 4072 -
1081 4039 1135 4080 non,
1152 4024 1260 4073 om.R¹.

173 4093 241 4152 523.
269 4091 413 4153 mentionem,
431 4094 454 4141 d.
481 4091 653 4151 damantionem,
670 4092 704 4141 V.
731 4092 866 4149 credonem,
882 4092 915 4141 R.
934 4133 964 4140 -
988 4090 1107 4152 memoria,
1124 4092 1209 4141 VRd.
1228 4133 1260 4142 -

140 4157 259 4219 priaitias,
272 4161 304 4209 R.
317 4202 348 4210 ..
368 4177 417 4220 cur,
426 4160 524 4209 v²R².
543 4157 604 4219 alia,
616 4153 781 4208 ev¹R¹Tc
795 4198 825 4208 ..
844 4159 991 4220 sternuentes,
1005 4160 1093 4209 V¹R¹.
1110 4167 1261 4221 sternuentes,

141 4226 216 4290 Tdr.
243 4227 415 4289 sternumentis,
432 4228 529 4276 V'1R2.
555 4225 697 4288 sternumtis,
714 4224 740 4274 d.
768 4227 965 4289 sternutamentis,
983 4222 1037 4285 θβ.
1065 4270 1093 4276 -
1121 4228 1260 4289 salutamus,

143 4285 393 4361 evurarcupa.
411 4293 550 4355 salutamur,
562 4289 591 4355 β.

1040 4363 1058 4394 *¹
