2918 4800
391 312 461 357 ma.
478 312 578 358 xxm.
609 309 686 356 cur.
704 311 736 355 v.
753 311 802 356 vr.
830 309 927 356 sacr.
943 311 975 352 aa
988 310 1019 352 a.
1200 293 1262 357 365

142 465 250 528 decem
279 463 392 528 diebus
422 463 561 526 cinerem
591 483 700 526 earum
729 461 869 525 inlinunt
896 483 969 525 cum
998 460 1104 525 cincre
1134 460 1263 526 chartae

141 566 192 630 vel
214 586 331 628 nucum
353 563 398 627 ita
419 573 456 626 ut
478 562 520 627 sit
532 562 626 627 tertia
640 585 717 647 pars
739 585 757 626 e
778 563 907 640 muscis,
931 561 984 626 alii
998 561 1080 625 lacte
1094 562 1264 627 mulierum

141 689 213 731 cum
236 664 380 730 brassica
394 664 533 729 cinerem
548 686 731 729 muscarum
752 663 916 751 subigunt,
938 663 1069 748 quidam
1084 663 1176 728 melle
1192 675 1263 727 tan-

143 780 221 831 tum.
242 765 374 831 Nullum
397 766 515 831 animal
537 765 637 829 docile
660 765 766 830 minus
788 765 1001 830 existumatur
1019 764 1192 829 minorisve
1213 763 1263 827 in·
1280 783 1327 828 ror

144 867 304 942 tellectus3
329 888 366 932 eo
387 865 566 931 mirabilius
588 877 638 931 est
660 864 834 952 Olympiae
860 888 951 931 sacro
974 866 1146 931 certamine
1168 864 1264 930 nubis

141 991 250 1034 carum
271 968 423 1033 inmolato
444 980 534 1033 tauro
557 968 618 1032 deo
640 989 735 1051 quem
750 966 907 1051 Myioden
921 977 1036 1032 vocant
1058 978 1149 1032 extra
1170 966 1263 1030 terri-

143 1072 258 1136 torium
280 1070 314 1134 id
336 1069 435 1134 abire.
458 1069 633 1155 Alopecias
656 1068 737 1134 cinis
760 1091 778 1134 c
800 1068 938 1135 murium
954 1068 1114 1154 capitibus
1137 1069 1264 1134 caudis-

142 1194 204 1255 que
227 1181 259 1236 et
281 1171 380 1236 totius
394 1169 494 1234 muris
509 1169 669 1246 emendat,
691 1169 864 1255 praecipue
888 1168 914 1233 si
936 1169 1090 1234 veneficio
1112 1170 1265 1235 acciderit

142 1274 222 1338 haec
242 1273 370 1350 iniuria,
393 1273 469 1336 item
491 1271 652 1336 herinacei
674 1269 755 1337 cinis
770 1293 844 1335 cum
859 1269 952 1335 melle
967 1280 1022 1334 aut
1044 1271 1165 1336 corium
1187 1294 1264 1336 con-

142 1375 273 1440 bustum
295 1397 368 1440 cum
389 1375 461 1459 pice
482 1373 615 1457 liquida.
650 1370 759 1457 Caput
780 1372 910 1456 quidem
931 1372 1000 1436 eius
1023 1385 1129 1437 ustum
1151 1395 1210 1459 per
1231 1395 1266 1439 se
1282 1392 1329 1435 ros

143 1477 239 1540 etiam
261 1475 462 1541 cicatricibus
484 1475 567 1560 pilos
589 1473 710 1549 reddit3
739 1473 898 1558 alopecias
927 1483 1034 1538 autem
1055 1474 1089 1537 in
1112 1496 1150 1539 ea
1172 1496 1265 1540 cura-

144 1576 229 1640 tione
252 1575 438 1662 pracparari
460 1586 589 1661 oportet
604 1573 761 1639 novacula
776 1585 809 1639 et
825 1573 943 1659 sinapi;
967 1575 1098 1658 quidam
1112 1598 1152 1639 ex
1174 1586 1266 1641 aceto
1364 1601 1367 1606 ·

143 1678 190 1743 uti
213 1678 402 1743 maluerunt.
427 1675 520 1758 Quae
543 1676 582 1740 de
604 1676 774 1741 herinaceo
788 1675 941 1740 dicuntur
961 1675 1068 1740 omnia
1089 1687 1176 1742 tanto
1198 1700 1266 1742 ma·

144 1779 195 1865 gis
216 1778 370 1844 valebunt
390 1778 423 1842 in
445 1777 595 1862 hystrice.
618 1776 777 1843 Lacertae
800 1799 927 1862 quoque
949 1787 985 1841 ut
1007 1777 1174 1842 docuimus
1190 1801 1279 1843 con-·
1367 1859 1376 1865 q

143 1881 257 1946 bustae
279 1902 351 1945 cum
373 1878 481 1944 radice
496 1873 641 1943 ¹recentis
662 1878 861 1956 harundinis,
885 1901 967 1964 quae
989 1889 1026 1944 ut
1046 1901 1111 1943 una
1133 1881 1267 1946 cremari

143 1983 246 2069 possit
267 1981 415 2047 minutim
436 1980 587 2045 findenda
609 1990 668 2058 est,
690 1980 735 2044 ita
756 1991 881 2064 myrteo
901 1981 971 2047 oleo
984 1981 1163 2067 permixtae
1179 1982 1265 2048 cine-

144 2107 196 2148 res
219 2084 406 2168 capillorum
429 2082 568 2148 defluvia
590 2082 763 2147 continent.
792 2081 968 2148 Efficacius
990 2083 1109 2148 virides
1130 2085 1267 2150 lacertae
1283 2101 1331 2146 roa

144 2186 250 2250 omnia
279 2185 392 2249 cadem
420 2195 604 2271 praestant,
635 2184 808 2249 etiamnum
835 2183 946 2248 utilius
974 2184 1114 2250 admixto
1143 2185 1207 2250 sale
1236 2196 1268 2250 et

147 2287 242 2372 adipe
264 2286 374 2351 ursino
396 2297 428 2350 et
449 2307 529 2370 cepa
551 2296 654 2350 tunsa.
684 2285 827 2367 Quidam
847 2285 946 2351 denas
968 2285 1080 2351 viridis
1102 2286 1136 2350 in
1158 2287 1267 2351 decem

146 2387 291 2452 sextariis
313 2386 373 2450 olei
396 2387 514 2451 veteris
536 2383 704 2452 discocunt
731 2387 872 2453 contenti
903 2387 1001 2452 semel
1021 2388 1055 2451 in
1077 2409 1184 2452 mense
1205 2410 1266 2452 un-

145 2510 253 2575 guere.
279 2487 418 2552 Pellium
439 2488 655 2574 viperinarum
678 2489 758 2552 cinis
779 2488 939 2574 alopecias
961 2488 1126 2553 celerrime
1148 2487 1266 2574 explet,
1332 2573 1336 2578 ἡ

145 2588 221 2653 item
242 2589 433 2675 gallinarum
455 2591 565 2656 fimum
586 2612 698 2655 recens
719 2589 854 2654 inlitum.
882 2587 982 2656 Corvi
1004 2613 1096 2656 ovom
1118 2591 1151 2655 in
1173 2611 1268 2655 aereo

146 2714 222 2756 vaso
250 2692 445 2778 permixtum
472 2692 662 2777 inlitumque
692 2692 806 2756 deraso
834 2691 938 2777 capite
965 2692 1127 2779 nigritiam
1161 2692 1269 2779 capilli

146 2793 265 2872 adfert3
295 2793 352 2858 sed
374 2794 476 2859 donec
497 2793 665 2872 inarescat,
693 2793 798 2857 oleum
824 2794 857 2857 in
879 2815 934 2858 ore
955 2793 1136 2859 habendum
1159 2803 1268 2859 estne
1371 2872 1377 2885 .

147 2906 179 2958 et
200 2895 313 2973 dentes
336 2895 431 2960 simul
443 2896 639 2984 nigrescant,
661 2895 759 2981 idque
781 2894 815 2959 in
835 2895 951 2960 umbra
969 2895 1150 2962 faciendum
1165 2920 1268 2982 neque

147 3071 240 3133 potuit,
252 3069 301 3117 fuit
313 3069 375 3117 illud
388 3084 480 3118 nomen
493 3071 578 3132 potius
590 3070 688 3119 rusticis
700 3071 811 3132 antiquis
823 3071 961 3132 proprium.
975 3109 1005 3118 -
1018 3077 1047 3125 et,
1057 3071 1091 3119 V.
1109 3077 1161 3130 aut,
1169 3072 1221 3120 Rd.
1236 3110 1268 3119 -

148 3135 274 3198 caeratis,
286 3136 391 3185 Barbas.
412 3176 441 3185 ..
461 3135 508 3184 alii
524 3134 609 3197 decem,
621 3138 645 3184 d.
664 3134 709 3183 alii
723 3138 839 3199 sanquine
856 3135 941 3197 decem,
953 3136 1001 3184 Re
1020 3135 1085 3184 aliae
1100 3137 1216 3200 sanguine
1228 3135 1269 3185 de·

148 3218 204 3263 cem,
216 3205 260 3252 R'.
279 3201 343 3250 atae
354 3202 492 3266 sanguinem
505 3200 590 3264 decem,
603 3203 637 3251 V.
656 3242 687 3250 ..
705 3202 882 3262 cineremarum,
894 3204 927 3251 V.
947 3243 977 3250 -
996 3213 1086 3263 cartae,
1098 3205 1132 3253 V.
1152 3246 1181 3253 ..
1198 3221 1268 3268 pars,

147 3272 171 3319 R
180 3274 196 3317 ².
215 3287 274 3333 pars
284 3269 370 3333 portio,
382 3271 509 3321 VR¹Td.
529 3312 559 3320 ..
578 3286 630 3319 cum
644 3268 750 3318 brassica
761 3269 867 3331 uncam,
879 3271 949 3319 R2d.
963 3271 1050 3321 Omitt.
1063 3272 1140 3320 VR¹.
1155 3313 1185 3320 -
1203 3272 1268 3321 subi-

148 3346 214 3401 gunt,
227 3341 251 3388 R
264 3337 351 3401 (codd.
365 3337 434 3400 Gel.)
452 3338 574 3398 subiciunt,
586 3339 641 3388 Vd.

182 3430 267 3491 §loz
286 3429 360 3479 docile
372 3431 455 3493 minus,
468 3433 531 3482 VR.
554 3431 632 3480 minus
648 3429 730 3492 docile,
743 3425 815 3494 ᾶβγ.
841 3472 870 3480 ,
898 3429 1013 3496 Olympio,
1026 3433 1070 3481 R‘.
1090 3474 1120 3482 ..
1144 3432 1269 3498 Myloden‚

147 3499 203 3548 Vd.
222 3498 337 3560 Miloden,
350 3501 381 3548 R.
402 3541 432 3548 -
451 3507 542 3562 uocant,
555 3500 624 3550 R2d.
643 3507 730 3560 uocem,
743 3499 819 3548 VR'.
838 3540 869 3548 ..
888 3498 978 3558 ltubire,
989 3501 1023 3549 V.
1039 3542 1062 3549 -
1087 3499 1210 3564 Alcpccia,
1223 3505 1269 3553 ΕΙ.

150 3608 178 3616 -
199 3582 218 3628 e,
231 3569 262 3616 R.
282 3575 311 3628 et,
323 3568 357 3617 V.
375 3583 412 3629 ea,
426 3570 449 3616 d.
470 3609 500 3616 -
519 3566 636 3627 emundat,
648 3568 681 3616 V.
702 3608 732 3616 ..
753 3565 869 3630 beneficio,
881 3569 915 3617 V.
934 3609 963 3617 -
983 3567 1091 3630 irinacei,
1103 3570 1166 3619 VR.

182 3664 267 3725 5108.
286 3660 328 3722 uti,
341 3661 389 3710 Β).
408 3659 469 3721 utili,
482 3661 577 3711 VR'd.
597 3702 627 3710 ..
653 3658 783 3720 lerinam,
800 3653 828 3709 θ.
852 3659 964 3722 irinacec,
982 3662 1013 3710 R.
1036 3661 1142 3720 iriuacei,
1155 3664 1188 3713 V.
1207 3662 1269 3713 leri.

148 3729 235 3787 naccis,
252 3724 302 3789 dss.
325 3728 497 3787 -,dicentur,
513 3729 624 3778 VRTd.
648 3768 680 3777 -
704 3725 820 3788 tanati,
836 3728 920 3778 VRd.
940 3769 970 3776 -
993 3727 1112 3778 docuimus
1129 3735 1142 3795 ξ
1161 3737 1217 3781 102.
1237 3774 1267 3783 -

148 3797 273 3856 cumbum,
285 3798 320 3847 V.
339 3838 369 3846 ..
389 3794 521 3856 arundinis,
533 3799 557 3845 d.
580 3812 629 3844 cunt
642 3793 776 3855 arundinis,
789 3796 850 3844 VR.
869 3837 900 3845 ..
920 3795 1035 3858 urinalia,
1047 3798 1108 3848 VR.
1127 3798 1268 3862 minutatim,

148 3865 231 3914 KTd.
252 3905 281 3913 -
300 3863 437 3923 scindenda,
449 3866 481 3928 K.
501 3905 530 3913 -
548 3865 670 3926 parntirte,
682 3864 781 3913 VRld,
797 3863 921 3926 permixto,
934 3859 1030 3928 Rrssp·

183 3948 268 4009 §lca
287 3947 379 4006 viridis,
392 3949 425 3998 V.
453 3988 482 3996 -
507 3947 732 4008 etiamnum‚VR².
756 3946 863 4011 templum
880 3949 1053 4009 annum,R¹d.
1073 3991 1103 4000 -
1123 3950 1201 4014 denos,
1215 3954 1268 4004 Vd.

148 4059 178 4067 -
200 4018 224 4066 iu
237 4015 322 4074 decem,
335 4017 388 4065 Rd.
408 4013 516 4075 indicem,
532 4016 566 4065 V.
585 4057 615 4064 -
641 4016 732 4076 vetars,
746 4031 796 4065 om.
809 4017 852 4065 R'.
873 4056 901 4064 -
921 4019 1023 4066 contenti
1037 4017 1113 4081 cernel,
1127 4022 1196 4071 R2d.
1215 4038 1269 4071 con.

149 4085 233 4134 tinenti
242 4083 318 4143 semel,
331 4083 376 4132 R'.
395 4081 533 4130 continentis
544 4082 598 4144 mel,
609 4085 642 4133 V.
661 4124 692 4133 ..
712 4099 820 4147 unguere,
833 4085 902 4133 R2c.
922 4100 1005 4148 ungue,
1018 4087 1062 4135 ΕΙ.
1081 4103 1175 4152 cupere,
1187 4086 1267 4154 Vssr.

151 4195 180 4202 ..
199 4152 355 4212 celeberrime,
368 4152 423 4201 Vd.
444 4191 475 4199 ..
493 4148 592 4212 inlitum,
604 4152 704 4202 VR²d
722 4149 777 4200 inde
789 4151 855 4200 corui
865 4149 937 4212 litum,
949 4154 993 4202 R¹.
1013 4194 1044 4203 ..
1063 4171 1131 4204 aereo
1143 4173 1208 4217 uaso,
1217 4160 1267 4209 V².

149 4237 216 4269 aereo
228 4237 291 4281 aare,
304 4215 405 4282 adar.
423 4234 493 4267 aereo
504 4235 593 4282 amum,
605 4221 651 4270 V¹.
667 4260 696 4268 -
706 4218 856 4282 permistum,
868 4221 952 4270 VRd.
970 4219 1021 4271 oleo
1028 4225 1178 4287 permixtum,
1190 4226 1222 4277 K.
1236 4267 1268 4278 ..

149 4287 239 4351 capilli,
253 4284 364 4340 OVRd.
382 4285 530 4352 capillorum,
542 4287 574 4337 T.
591 4285 694 4352 capillis,
704 4281 734 4350 β.
