2918 4800
203 273 265 338 396
554 290 758 337 uaruannrs
781 288 977 336 nrsroaran

201 463 261 506 nae
289 441 461 507 conbustae
489 463 561 506 cum
591 441 700 506 denari
728 442 853 506 dimidii
880 440 1023 528 pondere
1046 441 1189 516 acaciae3
1219 465 1259 505 ex
1288 463 1326 506 eo

201 543 309 608 cinere
337 543 454 607 dantur
482 543 636 607 coclearia
663 543 739 609 bina
767 544 800 607 in
829 543 906 608 vino
934 542 1065 626 myrtite
1097 552 1154 607 aut
1182 541 1327 625 quolibet

202 654 331 710 austero
354 666 426 709 cum
448 630 519 729 pari
545 645 640 708 modo
669 644 788 710 caldae.
828 642 970 725 Quidam
991 642 1140 708 omnibus
1162 641 1326 708 Africanis
1341 657 1372 704 57

202 746 247 810 ita
262 755 407 823 utuntur,
430 745 484 809 alii
501 745 633 810 totidem
648 745 822 810 Africanas
844 746 895 811 vel
915 745 997 809 latas
1019 744 1192 809 infundunt
1206 745 1326 829 potius,

201 857 232 910 et
260 846 287 911 si
314 847 416 912 maior
437 846 547 912 fluctio
570 847 622 925 sit,
650 848 773 912 addunt
804 847 946 913 acaciam
972 846 1065 911 fabae
1092 846 1326 932 magnitudine.

201 945 358 1014 Senectus
387 949 541 1037 anguium
568 947 764 1031 dysinteriae
794 958 826 1014 et
853 947 1005 1014 tenesmis
1032 949 1065 1016 in
1092 958 1225 1012 stanneo
1248 971 1326 1012 vase

201 1049 393 1133 decoquitur
415 1072 487 1114 cum
510 1070 653 1127 rosaceo,
676 1050 728 1115 vel
750 1050 776 1113 si
799 1050 833 1114 in
854 1050 928 1127 alio,
952 1071 1025 1114 cum
1040 1060 1156 1114 stanno
1170 1048 1325 1114 inlinitur.

200 1149 257 1214 Ius
281 1173 321 1215 ex
343 1151 530 1238 gallinaceis
551 1149 667 1215 iisdem
689 1151 846 1228 medetur,
870 1151 927 1215 sed
941 1150 1061 1217 veteris
1076 1151 1246 1236 gallinacei
1262 1151 1325 1215 sal-

203 1274 274 1315 sum
296 1253 347 1317 ius
370 1251 592 1317 vehementius
609 1253 715 1316 alvom
730 1252 803 1318 ciet.
825 1252 1018 1319 Membrana
1032 1253 1224 1340 gallinarum
1241 1263 1373 1318 tostam

200 1364 232 1417 et
253 1353 328 1416 data
348 1353 382 1416 in
403 1353 473 1418 oleo
495 1375 533 1417 ac
555 1352 621 1417 sale
643 1353 855 1419 coeliacorum
882 1355 1010 1419 dolores
1032 1355 1160 1431 mulcet,
1183 1407 1225 1417 -
1248 1354 1324 1419 abs-

201 1453 295 1517 tineri
317 1464 424 1518 autem
444 1452 593 1538 frugibus
615 1464 688 1518 ante
711 1465 744 1520 et
762 1456 915 1542 gallinam
938 1466 970 1521 et
992 1455 1155 1519 hominem
1170 1463 1324 1540 oporteat,

201 1609 240 1617 ..
263 1553 374 1618 fimum
397 1554 612 1619 columbinum
636 1567 756 1620 tostum
778 1567 962 1641 potumque.
1002 1555 1087 1621 Caro
1109 1555 1269 1642 palumbis
1292 1556 1325 1618 in

203 1665 291 1720 aceto
314 1656 446 1721 decocta
468 1656 670 1740 dysintericis
692 1668 726 1722 et
748 1659 894 1723 coeliacis
915 1658 1070 1735 medetur,
1100 1657 1213 1722 turdus
1235 1657 1324 1721 inas-

202 1769 291 1823 satus
315 1781 388 1822 cum
410 1759 507 1842 myrti
528 1757 617 1824 bacis
633 1759 849 1844 dysintericis,
872 1761 948 1825 item
963 1759 1113 1836 merulae,
1136 1757 1199 1823 mel
1213 1759 1247 1822 in
1262 1781 1326 1842 quo

201 1883 278 1947 apes
301 1859 365 1924 sint
386 1860 564 1925 inmortuae
587 1859 764 1925 decoctum.

244 1961 294 2024 20.
318 1958 554 2026 Gravissimum
576 1960 689 2025 vitium
711 1961 788 2027 ileos
803 1962 999 2047 appellatur3
1023 1961 1098 2027 huic
1112 1961 1219 2027 resisti
1234 1963 1326 2027 aiunt
1343 1978 1374 2020 59

202 2063 353 2150 discerpti
374 2062 610 2148 vespertilionis
632 2064 807 2153 sanguine,
840 2066 935 2129 etiam
962 2065 1053 2129 inlito
1075 2075 1188 2129 ventre
1210 2064 1325 2128 subve-

201 2165 274 2230 niri.
299 2163 393 2232 Sistit
415 2166 520 2231 alvom
542 2165 681 2252 primum
704 2168 810 2233 coclea
833 2166 916 2231 sicut
938 2167 1079 2232 diximus
1094 2167 1127 2230 in
1142 2165 1327 2251 suspiriosis

204 2277 390 2352 temperata,
420 2268 494 2333 item
517 2267 597 2332 cinis
619 2291 729 2332 earum
751 2290 831 2352 quae
853 2268 945 2333 vivae
967 2279 1125 2334 crematae
1147 2269 1210 2332 sint
1231 2278 1328 2354 potus

203 2392 243 2434 ex
270 2369 344 2434 vino
373 2381 517 2447 austero,
548 2370 797 2457 gallinaceorum
824 2369 915 2435 iecur
941 2393 1051 2436 assum
1078 2380 1133 2435 aut
1160 2368 1328 2434 ventriculi

201 2468 386 2535 membrana
399 2493 481 2554 quae
498 2470 581 2535 abici
597 2472 677 2535 solet
695 2472 870 2536 inveterata
885 2473 1027 2537 admixto
1044 2470 1214 2558 papaveris
1234 2492 1325 2544 suco;

204 2627 245 2635 .-
268 2572 322 2636 alii
344 2584 503 2637 recentem
525 2583 646 2638 torrent
668 2595 707 2637 ex
730 2572 805 2637 vino
826 2573 1013 2651 bibendam3
1033 2629 1070 2638 -
1086 2573 1137 2637 ius
1160 2572 1326 2659 perdicum
1342 2583 1375 2630 60

238 2796 290 2828 cum
302 2779 399 2829 denarii
413 2779 510 2830 dimidii
521 2779 627 2844 pondere
639 2780 744 2842 ammae,
753 2783 802 2831 1³².
818 2798 870 2831 cum
883 2781 976 2832 denarii
984 2781 1090 2846 pondere
1104 2779 1200 2830 dimidii
1209 2777 1328 2842 (dimidio,

203 2843 238 2911 β)
250 2848 355 2910 acaciae,
364 2844 414 2914 βγ.
429 2849 517 2901 Omin.
527 2850 593 2899 VR'
602 2851 625 2899 d.
645 2890 676 2898 -
695 2865 731 2911 ca,
743 2850 844 2901 VRdr.
864 2866 944 2914 eaque,
956 2846 985 2912 β.
1005 2892 1035 2899 -
1054 2849 1148 2911 neutile,
1161 2850 1195 2900 V.

239 2935 307 2998 §52
329 2931 437 2996 Quidem,
454 2935 487 2984 V.
506 2976 538 2984 -
557 2933 613 2996 ista,
629 2934 661 2983 R.
680 2975 711 2985 ..
731 2932 768 2982 uel
784 2933 854 2984 latas.
876 2937 931 2986 Etsi
947 2935 1046 2986 Plinius
1063 2935 1124 2985 alibi
1141 2931 1268 2996 (29,137.
1286 2938 1328 2992 30,

208 3005 248 3053 77.
263 2999 333 3064 121.)
351 3004 452 3052 cocleas
469 3001 532 3051 latas
549 3009 679 3067 tamquam
697 3011 794 3052 certum
810 3005 915 3068 aliquod
931 3018 1018 3054 earum
1034 3017 1115 3066 genus
1126 3002 1210 3060 affert,
1227 3001 1278 3049 hoc
1290 3007 1327 3048 ta-

205 3085 264 3120 men
276 3070 343 3132 loco,
361 3072 405 3120 nbi
419 3085 463 3120 eac
475 3071 604 3121 Africanis
617 3082 788 3135 opponuntur,
805 3073 850 3120 vix
866 3073 971 3121 tolerari
983 3079 1102 3135 poterunt
1113 3078 1140 3120 ct
1151 3084 1205 3118 non
1217 3069 1328 3118 multum

205 3140 285 3199 abest,
298 3139 359 3201 quin
370 3140 482 3189 Plinium
494 3140 623 3203 scripsisse
635 3139 778 3189 existimem
789 3136 908 3187 Iolitanas
920 3141 980 3189 coll.
991 3139 1005 3200 ἐ
1016 3145 1057 3189 45.
1076 3138 1187 3190 cocleae
1194 3135 1330 3201 Africanae

205 3203 325 3255 Inlitanae
337 3208 426 3256 eodem
437 3208 491 3257 inre
504 3208 622 3257 dicuntur
635 3222 685 3270 quc
697 3205 819 3254 Aetnaeae
831 3205 927 3257 Siculae
937 3208 955 3258 1.
968 3206 985 3257 l.
997 3205 1125 3270 -fluctia
1135 3206 1216 3255 VR'2.
1225 3202 1329 3267 fluctuo,

206 3276 250 3325 Rt
261 3273 351 3337 fluxio,
364 3270 436 3337 dssr.
447 3273 538 3337 fluitis,
551 3291 571 3324 r.
591 3315 622 3324 -
640 3274 752 3335 academ,
764 3274 827 3323 VR.
847 3316 878 3323 ..
897 3274 1002 3339 anguim,
1014 3275 1047 3325 V.
1060 3316 1091 3324 ..
1111 3271 1329 3338 dgsenteriaa'l'd.

207 3340 372 3406 dysintericae,
384 3343 447 3393 VR.
466 3341 626 3406 dysentericis,
638 3338 688 3406 βγ.
702 3382 734 3392 ...
754 3349 874 3403 teneamus,
886 3343 920 3391 V.
940 3350 1057 3402 terreamus,
1070 3344 1101 3394 R.
1115 3382 1146 3391 -
1159 3348 1264 3405 stagneo,
1276 3339 1330 3388 Rd.

206 3417 328 3474 magnaeo,
341 3411 374 3459 V.
393 3451 425 3459 ..
449 3416 542 3473 stagno,
554 3411 654 3460 VR¹d.
672 3409 697 3458 in
714 3419 806 3473 stagno,
819 3409 868 3459 R2.
892 3425 943 3458 cunt
961 3409 1039 3459 tabula
1054 3417 1153 3458 stanneo
1169 3406 1279 3468 illinitur,
1296 3407 1330 3457 Κ.

206 3476 305 3526 uelcum
319 3476 397 3526 tubulo
408 3485 506 3526 stanneo
518 3475 606 3537 linitur,
619 3479 708 3528 Dalsc.
732 3518 763 3527 -
787 3493 816 3526 ea
830 3475 980 3540 gallinaceis,
997 3479 1082 3528 VTd.
1101 3493 1130 3526 er
1144 3475 1285 3541 gallinaceo,
1297 3475 1329 3525 R.

207 3543 372 3609 egallinaceo,
384 3541 434 3608 βγ.
453 3586 483 3594 -
507 3543 589 3607 udam,
604 3546 653 3596 Ra
671 3543 740 3606 idem,
752 3546 868 3596 V²R¹d.
886 3542 914 3593 id
929 3554 971 3607 est,
983 3547 1030 3596 V'.
1050 3587 1080 3595 -
1103 3543 1192 3594 salsum
1209 3544 1247 3592 ius
1262 3541 1330 3591 velse-

209 3613 307 3663 mentius
319 3612 397 3662 alvum
409 3611 461 3674 ciet,
477 3605 506 3662 θ.
525 3611 680 3662 uehementius
691 3611 779 3662 salsum
791 3612 828 3662 ius
839 3610 919 3662 alcum
931 3613 982 3676 ciet,
995 3609 1096 3679 Rdssr.
1114 3611 1270 3661 vehementiae
1281 3609 1331 3659 sal-

209 3698 261 3731 sum
273 3680 402 3731 insalsum
414 3679 466 3742 ciet,
478 3681 512 3730 V.

244 3778 257 3838 §
271 3781 311 3826 58.
329 3774 449 3836 Membra,
462 3774 516 3823 Vd.
535 3816 565 3824 -
583 3782 662 3837 posta,
675 3775 751 3824 VR¹.
765 3815 796 3823 ..
809 3772 943 3834 salicorum,
956 3773 1060 3826 Gesner.
1072 3775 1131 3824 hist.
1144 3775 1220 3824 anim.
1234 3779 1258 3834 3,
1272 3773 1330 3822 aot.

211 3883 241 3892 ..
254 3842 361 3902 mulcent,
373 3842 435 3892 VR.
450 3883 479 3891 ..
493 3841 613 3903 αὸεἰίηενί,
626 3843 675 3892 Ra
694 3841 819 3903 abstinere,
831 3837 957 3902 VR'dss.
971 3884 1001 3892 ..
1011 3842 1136 3906 frugibus,
1148 3842 1232 3892 VRd.
1251 3840 1331 3903 afru-

208 3909 284 3974 gibus‚
293 3906 344 3973 βγ.
364 3951 395 3960 ..
416 3908 542 3974 gallinam,
558 3912 583 3959 d.
603 3908 734 3975 gallinacei
748 3909 902 3959 vehementius
918 3908 1005 3958 salsum
1023 3909 1061 3958 ins
1076 3909 1156 3960 alvum
1172 3908 1217 3958 ciet
1233 3915 1257 3956 et
1270 3908 1332 3956 sirm

209 3992 284 4041 supra
299 3977 412 4041 dicimus,
428 3979 462 4028 V.
483 3975 613 4043 gallinacei
628 3977 782 4027 vehementius
798 3977 888 4027 salsum
903 3978 940 4027 ius
956 3977 1035 4027 alvum
1051 3977 1103 4027 ciet.
1125 3976 1193 4028 Sicut
1207 3980 1255 4040 sup
1268 3974 1332 4026 diui-

210 4085 261 4118 mns
272 4049 290 4084 θ’
302 4047 413 4134 ‘'dumm,
422 4074 454 4123 R.
465 4114 495 4122 .,
506 4079 620 4135 oporteat,
632 4073 695 4122 VR.
707 4079 803 4135 oportet,
815 4067 885 4135 ᾱβγ.
893 4112 924 4121 ..
939 4079 1030 4133 tastum,
1043 4073 1111 4123 R2d.
1125 4079 1202 4130 tatum,
1212 4071 1287 4120 VR'-
1299 4111 1330 4118 .-

206 4136 334 4201 palnmbis,
351 4140 450 4191 VR'd.
470 4138 584 4203 palumbi,
599 4136 628 4202 β.
653 4180 683 4190 -
706 4140 835 4202 inassatus,
852 4141 884 4190 R.
906 4139 1036 4202 irascatur,
1048 4141 1104 4190 Vd.
1124 4180 1155 4189 -
1173 4136 1286 4196 maniae,
1298 4137 1330 4186 R.

210 4203 334 4267 medullae,
346 4206 380 4255 V.
398 4206 509 4269 medetur,
521 4210 545 4258 d.
566 4250 596 4257 -
615 4224 673 4272 apes
690 4208 738 4258 sint
753 4208 892 4269 inmortuae,
904 4208 954 4259 R2.
972 4224 1030 4272 apes
1047 4207 1094 4256 sint
1105 4214 1218 4268 mortuae,
1232 4205 1330 4256 vata.

210 4273 257 4323 sint
269 4274 407 4324 immortuus
417 4292 483 4340 apes,
495 4272 523 4338 β.
