2918 4800
204 293 263 357 176
551 307 754 355 utrumuis
776 307 972 355 nrsroruna

243 464 295 527 34.
327 458 456 527 Ceratia
482 482 546 525 uno
576 460 661 539 folio,
689 460 796 526 radice
824 460 947 526 nodosa
974 469 1006 524 et
1033 481 1161 546 magna,
1188 459 1224 524 in
1249 459 1323 526 cibo
1336 477 1369 522 aa

201 562 349 628 coeliacis
371 573 403 627 et
416 559 620 646 dysintericis
636 562 790 628 medetur.
813 560 1061 648 Leontopodion
1075 560 1128 626 alii
1142 561 1323 639 leuceoron,

201 663 255 728 alii
277 663 472 749 doripetron,
502 662 555 727 alii
578 662 808 749 thorybethron
835 673 960 742 vocant,
989 661 1081 727 cuins
1102 662 1195 727 radix
1216 663 1322 728 alvom
1385 663 1388 669 ’

201 766 286 832 sistit
311 775 494 853 purgatque
522 765 636 843 bilem,
672 766 706 830 in
734 787 851 849 aquam
879 764 1016 829 mulsam
1042 763 1152 830 addito
1179 764 1323 852 pondere

200 868 403 934 denariorum
432 866 577 931 duorum.
614 865 770 933 Nascitur
793 867 828 931 in
856 866 1028 952 campestri
1049 877 1083 931 et
1104 866 1218 953 gracili
1240 867 1322 943 solo3

200 992 310 1036 semen
331 969 400 1034 eius
422 979 535 1054 potum
555 968 753 1054 lymphatica
774 969 896 1033 somnia
917 969 1025 1034 facere
1047 968 1173 1034 dicitur.
1209 969 1322 1058 Lago·
1336 985 1368 1030 53

199 1095 263 1159 pus
292 1070 376 1136 sistit
402 1070 507 1136 alvom
535 1093 553 1135 e
579 1071 654 1136 vino
676 1081 752 1156 pota
777 1070 888 1135 autin
909 1069 993 1135 febri
1019 1093 1060 1137 ex
1082 1093 1181 1156 aqua3
1209 1070 1321 1137 eadem

199 1172 325 1261 inguini
347 1171 538 1259 adalligatur
559 1172 594 1236 in
617 1183 755 1248 tumore3
783 1171 926 1239 nascitur
951 1172 986 1235 in
1016 1172 1190 1260 segetibus.
1225 1171 1323 1237 Multi

201 1297 297 1361 super
318 1273 424 1338 omnia
438 1273 571 1339 laudant
585 1275 627 1338 ad
641 1273 823 1360 deploratos
842 1274 1056 1360 dysintericos
1070 1275 1323 1360 quinquefolium

200 1374 340 1441 decoctis
365 1375 399 1438 in
425 1375 508 1440 lacte
535 1376 696 1442 radicibus
722 1376 807 1462 potis
836 1387 868 1440 et
896 1375 1130 1441 aristolochiam
1162 1374 1324 1440 victoriati
1388 1440 1392 1447 ,

200 1477 340 1565 pondere
361 1476 394 1540 in
417 1476 541 1562 cyathis
564 1476 629 1542 vini
651 1477 764 1543 tribus.
802 1475 896 1559 Quae
918 1500 958 1542 ex
982 1500 1081 1562 supra
1102 1476 1197 1543 dictis
1219 1477 1324 1542 calida

201 1588 378 1656 sumentur,
405 1577 485 1643 haec
506 1578 662 1644 candente
683 1580 768 1645 ferro
790 1579 960 1665 temperari
981 1578 1089 1663 aptius
1111 1578 1181 1644 erit.
1218 1578 1249 1641 E
1271 1578 1323 1642 di·
1337 1595 1368 1640 54

200 1703 293 1745 verso
315 1689 433 1767 purgat
453 1679 558 1745 alvom
581 1703 678 1746 sucus
700 1681 858 1747 centaurii
880 1680 1014 1745 minoris
1036 1679 1188 1745 drachma
1208 1681 1243 1744 in
1264 1680 1322 1746 be·
1406 1743 1409 1749 .

199 1781 288 1864 mina
312 1803 415 1865 aquae
442 1804 514 1846 cum
543 1781 662 1870 exiguo
690 1782 766 1847 salis
794 1793 826 1847 et
857 1783 940 1848 aceti
973 1781 1134 1871 bilemque
1166 1781 1322 1857 detrahit;

199 1884 319 1948 maiore
339 1882 474 1947 tormina
488 1882 713 1948 discutiuntur.
736 1883 911 1949 Vettonica
924 1883 1029 1949 alvom
1049 1883 1145 1949 solvit
1165 1880 1323 1946 drachmis

200 1994 351 2068 quattuor
378 1984 412 2048 in
438 1983 658 2070 hydromelitis
688 1985 812 2071 cyathis
838 2008 971 2063 novem,
1000 1986 1078 2051 item
1104 1982 1323 2070 euphorbeum

201 2084 253 2149 vel
280 2086 445 2170 agaricum
471 2084 630 2150 drachmis
657 2086 783 2152 duabus
809 2108 883 2152 cum
910 2087 975 2151 sale
1001 2085 1142 2150 modico·
1149 2096 1262 2169 potum
1282 2105 1323 2148 ex

200 2208 286 2270 aqua
313 2185 428 2249 autin
456 2186 559 2250 mulso
588 2187 689 2252 obolis
715 2186 828 2254 tribus.
867 2185 973 2252 Solvit
1000 2196 1032 2253 et
1059 2178 1255 2272 cyclaminos
1282 2207 1323 2250 ex

201 2309 285 2371 aqua
310 2298 388 2374 pota
415 2299 471 2353 aut
498 2288 623 2353 balanis
650 2288 802 2367 subditis,
837 2289 916 2354 item
943 2287 1150 2354 chamaecissi
1177 2286 1322 2351 balanus.

201 2388 331 2475 Hysopi
356 2388 538 2473 manipulus
565 2389 717 2455 decoctus
746 2389 787 2454 ad
815 2390 926 2456 tertias
954 2413 1026 2455 cnm
1049 2391 1114 2456 sale
1137 2400 1170 2456 et
1191 2388 1323 2476 pituitas

238 2599 306 2660 §52-
328 2595 437 2659 Garutia,
450 2599 473 2646 d.
498 2639 528 2646 -
552 2606 575 2646 et
590 2600 781 2662 mmyanRa.
805 2615 901 2663 acapna,
914 2594 985 2664 ᾶβγ.
1010 2640 1041 2648 ..
1064 2597 1191 2660 leuceoron,
1205 2599 1322 2649 Dioscor.

204 2670 228 2724 3,
245 2669 300 2713 100.
322 2679 356 2713 ex
376 2667 501 2729 scriptura
520 2667 632 2729 vulgata.
657 2667 701 2716 ubi
721 2683 789 2717 nnnc
810 2663 961 2735 lec'npdpov
980 2667 1080 2730 legitur.
1103 2666 1226 2728 h'cheoron,
1238 2667 1322 2717 VRd.

203 2729 331 2789 lecheoron‚
343 2747 366 2781 a.
385 2730 509 2793 letheoron,
520 2750 540 2783 r.
565 2774 596 2783 -
623 2732 765 2797 doripetron,
781 2738 805 2786 d.
832 2733 982 2800 dorppetron,
1001 2736 1081 2785 VRa
1101 2777 1132 2784 -
1152 2731 1322 2799 thorybethron,

202 2799 318 2848 Dioscor.
346 2797 501 2864 thorybetron,
519 2802 552 2850 V.
577 2800 740 2862 thonhethron,
757 2804 780 2852 d.
805 2801 984 2861 thorihethoron
1000 2818 1022 2862 a.
1047 2801 1271 2862 thomhenthron,R.
1291 2841 1322 2850 -
1424 2853 1430 2858 ,

203 2882 269 2928 aquo
280 2865 365 2927 mulsa,
378 2869 401 2916 d.
421 2909 451 2917 ..
471 2862 722 2930 commovunt.
740 2867 819 2931 duum,
832 2865 861 2930 β
881 2911 912 2919 ..
931 2870 1017 2932 omnia,
1030 2873 1054 2919 d.
1075 2911 1106 2920 ..
1124 2869 1225 2929 ducatur,
1237 2870 1289 2919 Ra.

236 2935 251 2998 §
265 2940 305 2984 5³.
323 2934 375 2994 ciet,
387 2937 419 2985 K.
438 2935 556 2986 Ceterum
568 2952 591 2986 v.
603 2937 719 2987 Dioscor.
732 2945 756 2996 4,
769 2942 809 2988 17.
822 2978 852 2986 ..
868 2938 959 2999 tumon‘,
972 2938 1027 2988 Va.
1040 2979 1071 2988 ..
1085 2936 1193 2998 laudant,
1206 2938 1323 2987 Dioscor.

203 3010 226 3061 4,
239 3006 280 3051 ta.
299 3043 330 3051 ..
349 3000 514 3066 deplorandos,
527 3006 551 3054 d.
570 3045 600 3054 -
621 3003 684 3052 etin
700 3003 884 3066 arhtholoeicm,
898 3020 921 3054 a.
942 3046 976 3066 y-
997 3013 1125 3066 sumentur,
1137 3007 1211 3057 Rad.
1233 3019 1324 3054 eumen·

203 3076 258 3130 tum,
270 3071 304 3119 V.
321 3078 452 3130 sumuntur,
464 3088 484 3120 r.
504 3112 535 3120 -
553 3070 686 3131 condentes,
697 3073 730 3122 V.
750 3113 781 3121 ..
800 3072 920 3136 temptari,
932 3075 956 3123 d.

236 3135 304 3198 §bh
321 3138 448 3200 centaurez',
459 3133 489 3200 β.
508 3179 540 3188 ..
558 3139 643 3201 emino,
656 3141 689 3189 V.
709 3181 740 3190 ..
758 3156 831 3203 aqua,
844 3139 898 3190 Vd.
918 3181 949 3190 -
968 3139 1070 3202 maiora,
1082 3157 1105 3191 a.
1125 3181 1155 3190 ..
1180 3138 1324 3201 t'emntcne,

202 3204 256 3254 Va.
275 3247 306 3254 -.
330 3205 363 3267 in,
375 3207 456 3256 omitt.
469 3208 523 3258 Vd.
547 3247 576 3256 -
602 3206 763 3270 euphorbeum,
776 3208 880 3258 VRad.
903 3206 1060 3270 euphorbium,
1072 3204 1122 3272 βγ.
1147 3249 1177 3257 ..
1201 3205 1324 3267 modt'cam,

201 3271 254 3322 Ru.
268 3315 299 3322 -
317 3273 468 3339 cyclaminus,
481 3277 504 3326 d.
517 3316 548 3324 -
561 3274 659 3339 Ημεορί
668 3274 810 3339 manipulus,
822 3276 903 3326 omitt
916 3276 970 3325 Vd.
985 3316 1015 3324 ..
1027 3274 1119 3338 sulcet,
1132 3277 1186 3327 Vd.
1204 3274 1262 3335 sule,
1272 3270 1323 3338 βγ.

201 3340 288 3390 Verba
299 3340 350 3390 sule
362 3384 384 3391 -
403 3341 484 3391 inlitus
501 3344 582 3392 omitt.
600 3343 651 3392 Ra.
674 3384 706 3393 -
726 3343 846 3406 pituitam,
858 3345 891 3394 K.
910 3383 942 3392 -
961 3341 1049 3404 inlitus,
1062 3359 1113 3392 om.
1131 3345 1165 3394 V.
1188 3385 1220 3393 ..
1243 3343 1324 3390 tritum
1390 3381 1396 3391 .

202 3423 260 3468 curn,
274 3410 325 3458 Ba.
344 3409 422 3458 tritum
437 3409 470 3471 in,
486 3411 542 3460 Vd.
565 3410 679 3459 connitur
695 3427 754 3470 cnm,
766 3407 816 3474 βγ.
834 3412 882 3462 His
894 3427 927 3461 cx
942 3411 1093 3462 lectionibus
1110 3413 1175 3462 inter
1190 3426 1217 3462 se
1233 3411 1324 3461 iunctis

201 3474 286 3525 locum
300 3479 439 3526 emendari.

231 3545 308 3670 gab.
329 3552 438 3608 purpurat
454 3543 612 3608 anapallidea,
633 3538 743 3597 OVTd.
761 3554 853 3610 purqat
868 3544 1028 3610 anapalh'dea,
1046 3563 1069 3597 a.
1090 3554 1181 3611 purqnt
1195 3543 1350 3610 anapallrit,··

202 3611 227 3660 R
257 3624 281 3673 γ.
306 3653 337 3660 -
359 3609 508 3676 epithymum,
525 3614 629 3663 VRad.
653 3613 791 3678 epithymon,
807 3611 857 3678 βγ.
881 3614 1000 3664 Ccterum
1013 3615 1202 3676 v.Dioscor.4,
1218 3619 1272 3665 176.
1293 3654 1322 3663 ..

203 3675 230 3725 id
237 3677 288 3739 flos
305 3685 367 3726 este
384 3676 468 3742 thymo,
480 3681 570 3729 Dalcc.
591 3721 621 3733 ,..
638 3680 730 3742 similis,
743 3684 774 3732 Τ.
796 3723 828 3732 ,
851 3680 981 3742 helvaceua,
998 3682 1105 3732 Salmas.
1124 3697 1205 3731 exerc.
1222 3698 1247 3745 p.
1265 3687 1323 3732 909.

203 3761 226 3794 a.
239 3746 270 3793 Ε,
288 3744 354 3808 quod
364 3744 406 3794 hoc
418 3744 553 3795 herbaceum
566 3756 609 3809 est,
626 3747 725 3797 alterum
738 3765 792 3798 vero
804 3748 907 3814 thymum
919 3748 1005 3810 chum,
1017 3751 1105 3800 Dulce.
1115 3789 1146 3799 ...
1160 3748 1323 3812 quidamlhd.

203 3810 303 3873 quidem,
316 3830 338 3862 a.
357 3811 421 3876 quid,
434 3814 466 3863 V.
485 3855 515 3864 -
536 3812 689 3878 hippopheon,
702 3819 718 3866 d
730 3814 857 3878 (Mnrbac.
869 3833 910 3881 ap.
923 3816 1029 3868 Cornan.
1041 3821 1073 3867 ad
1085 3818 1203 3867 Dioscor.
1216 3825 1240 3877 t,
1255 3814 1324 3876 157.)

204 3876 364 3942 hpppopheon,
374 3882 408 3931 V.
421 3879 568 3946 hippopleon,
580 3884 611 3933 R.
629 3881 761 3946 hipopleon,
773 3901 795 3934 a.
814 3882 958 3949 hypopheon,
967 3884 1045 3934 Hard.
1057 3925 1088 3934 ..
1101 3884 1177 3933 minua
1189 3883 1261 3944 utiba,
1271 3887 1324 3935 Rd.
1405 3918 1407 3923 ›

203 3945 279 3993 minus
299 3947 381 4009 utiles,
399 3966 422 3999 a.
449 3948 525 4008 uitta,
545 3952 579 4000 V.
612 3949 714 4012 inutilia,
735 3953 850 4002 Mnrbac.
878 3951 980 4012 inutiles,
1001 3953 1031 4002 T.
1059 3993 1090 4002 ..
1117 3959 1199 4014 movet,
1220 3952 1325 4003 VRTa

204 4010 344 4076 (Murbac.)
366 4015 443 4064 minus
462 4025 544 4078 movet,
562 4013 633 4081 (Ιβγ.
662 4060 693 4068 ..
719 4018 796 4080 redut,
812 4037 832 4070 r.
855 4061 886 4069 ..
914 4019 1055 4083 inflationes,
1071 4023 1094 4070 d.
1120 4020 1324 4084 inflammationes,

204 4082 346 4198 Viliass.
375 4082 503 4147 eclipmate,
525 4087 548 4135 d.
575 4085 691 4150 eh'ymute,
712 4087 774 4137 VR.
806 4086 923 4148 altenare,
945 4105 968 4138 a.
998 4086 1132 4152 ecleqmate,
1149 4089 1264 4140 Murbac.
1292 4130 1322 4138 -
1386 4144 1389 4148 ,

138 4174 140 4178 ’
204 4157 281 4209 utrm,
319 4186 325 4198 .

239 4215 306 4276 §aa
326 4215 429 4266 melleet
446 4221 528 4284 exipuo
545 4219 605 4270 sulm
621 4229 692 4284 utque
708 4222 776 4283 aceti,
792 4214 871 4275 OVT
883 4220 1025 4286 (Mnrbac.)
1043 4222 1110 4272 melle
1126 4223 1211 4288 eripno
1221 4223 1326 4287 salisque

205 4292 276 4349 utque
288 4284 356 4346 orell,
369 4287 400 4336 R.
425 4286 500 4337 ntellt's
515 4288 597 4354 eripuo
613 4289 672 4339 calis
689 4299 759 4354 atque
775 4289 843 4350 aceti,
859 4308 882 4341 a.
905 4288 981 4340 mellic
998 4291 1081 4356 exipuo
1097 4289 1202 4355 solaque
1219 4301 1242 4341 et
1257 4293 1325 4353 aceti}
