2918 4800
141 293 203 355 422
493 307 697 353 sarnanum
720 306 914 354 mesonma
1010 322 1016 337 =
1085 302 1088 319 ⁸

141 458 289 544 alligatae
315 456 406 545 gruis
433 456 528 541 pelle,
555 457 630 521 item
657 457 685 520 si
706 457 792 522 lutea
814 479 854 521 ex
876 457 946 521 ovis
974 457 1116 541 quinque
1139 459 1261 523 colum·

140 559 255 625 barum
282 559 424 622 admixto
451 557 557 643 adipis
585 557 669 622 suilli
695 558 806 622 denari
833 558 973 644 pondere
999 581 1040 623 ex
1068 557 1161 624 melle
1192 581 1262 623 sor·

141 660 287 737 beantur,
313 681 459 745 passeres
486 660 519 722 in
547 659 619 723 cibo
642 658 692 724 vel
714 680 774 724 ova
802 681 921 736 eorum,
951 659 1120 747 gallinacei
1148 644 1264 723 dexter

141 761 232 827 testis
259 760 393 825 arietina
418 760 500 845 pelle
527 760 728 846 adalligatus.
775 759 883 826 Ibium
913 761 1036 825 cineres
1066 783 1139 825 cum
1167 759 1264 846 adipe
1279 777 1327 822 rra

141 863 264 929 anseris
287 872 319 926 et
340 861 423 926 irino
445 861 618 945 perunctis,
643 862 669 926 si
684 871 859 947 conceptus
881 861 932 938 sit,
954 874 1068 946 partus
1090 861 1264 939 continere,

141 972 250 1028 contra
271 961 410 1027 inhiberi
438 985 586 1026 venerem
612 963 802 1052 pugnatoris
829 963 905 1050 galli
935 963 1091 1028 testiculis
1114 962 1264 1027 anserino

141 1065 235 1151 adipe
256 1063 355 1129 inlitis
377 1063 621 1149 adalligatisque
642 1064 726 1149 pelle
748 1064 882 1128 arietina
898 1063 1038 1141 tradunt,
1062 1064 1139 1128 item
1154 1064 1264 1128 cuius·

130 1176 278 1250 'cumque
300 1165 378 1252 galli
392 1164 571 1251 gallinacei,
596 1165 622 1229 si
645 1188 719 1230 cum
734 1165 890 1250 sanguine
904 1164 1073 1253 gallinacei
1087 1163 1169 1229 lecto
1185 1163 1264 1229 sub-

140 1265 286 1330 iciantur.
325 1263 457 1352 Cogunt
485 1266 653 1350 concipere
680 1266 797 1330 invitas
825 1277 933 1330 saetae
955 1289 996 1330 ex
1018 1265 1121 1330 cauda
1148 1265 1264 1343 mulae,

142 1367 170 1430 si
197 1366 314 1430 iunctis
342 1366 534 1439 evellantur,
562 1367 646 1431 inter
674 1390 708 1431 se
736 1367 913 1452 conligatae
941 1367 976 1430 in
1003 1367 1097 1431 coitu.
1136 1364 1203 1447 Qui
1230 1365 1264 1429 in
1280 1385 1327 1429 143

141 1467 266 1532 urinam
299 1466 387 1532 canis
421 1490 512 1532 suam
541 1468 698 1554 egesserit
729 1468 844 1533 dicitur
875 1468 917 1533 ad
951 1490 1102 1534 venerem
1140 1467 1265 1554 pigrior

142 1569 221 1633 fieri.
243 1568 412 1633 Mirumst
428 1568 467 1633 dc
483 1568 635 1633 stellionis
657 1568 773 1645 cinere,
791 1624 830 1632 ..
847 1569 874 1632 si
897 1591 1008 1633 verum
1031 1579 1089 1646 est,
1113 1621 1155 1633 -
1177 1568 1266 1633 lina-.

142 1680 248 1735 mento
276 1669 455 1736 involutum
481 1670 515 1734 in
550 1670 680 1735 sinistra
712 1691 808 1734 manu
835 1692 985 1734 venerem
1015 1670 1196 1748 stimulare,
1235 1672 1263 1734 si

143 1771 354 1835 transferatur
380 1771 414 1834 in
442 1771 598 1848 dextram,
626 1770 783 1849 inhibere,
813 1771 890 1836 item
917 1771 1155 1856 vespertilionis
1187 1794 1262 1835 san-

142 1872 275 1958 guinem
301 1873 470 1937 collectum
496 1871 595 1937 flocco
623 1873 886 1959 suppositumque
913 1873 1012 1957 capiti
1034 1872 1203 1938 mulierum
1224 1873 1264 1936 li-

143 1971 286 2038 bidinem
317 1996 444 2038 movere
477 1984 532 2037 aut
565 1974 688 2038 anseris
715 1974 860 2061 linguam
885 1974 920 2036 in
953 1973 1024 2039 cibo
1052 1975 1104 2039 vel
1136 1973 1266 2060 potione

144 2087 313 2160 sumptam.

186 2177 237 2242 50.
264 2175 470 2242 Phthiriasim
493 2201 513 2241 a
534 2188 599 2242 toto
622 2199 754 2263 corpore
781 2187 857 2262 pota
883 2177 1067 2242 membrana
1095 2176 1267 2242 senectutis
1281 2194 1330 2238 144

143 2277 298 2362 anguium
331 2278 436 2344 triduo
467 2290 577 2356 necat,
612 2301 719 2343 serum
752 2290 900 2364 exempto
932 2301 1025 2344 caseo
1053 2289 1163 2363 potum
1193 2299 1267 2342 cnm

143 2377 260 2464 exiguo
283 2380 358 2443 sale.
382 2378 517 2459 Caseus,
541 2381 568 2444 si
591 2379 759 2445 cerebrum
781 2381 933 2445 mustelae
956 2381 1092 2465 coagulo
1115 2379 1265 2456 addatur,

142 2489 264 2564 negant
288 2482 453 2566 oonrumpi
480 2492 638 2546 vetustate
659 2493 714 2547 aut
741 2505 760 2545 a
787 2482 932 2547 muribus
960 2482 1091 2568 attingi3
1121 2480 1267 2545 eiusdem

142 2579 297 2644 mustelae
325 2581 406 2646 cinis
434 2583 461 2646 si
488 2582 581 2647 detur
609 2584 644 2646 in
671 2583 735 2647 offa
756 2583 942 2671 gallinaceis
969 2583 1065 2667 pullis
1088 2592 1120 2646 et
1142 2581 1265 2647 colum-

142 2677 243 2757 binis,
272 2691 357 2746 tutos
384 2705 455 2748 esse
483 2707 501 2746 a
529 2684 684 2749 mustelis.
727 2684 947 2750 Iumentorum
982 2684 1095 2749 urinae
1128 2682 1266 2747 tormina

177 2818 253 2878 lutea,
269 2821 349 2871 VR2.
377 2820 435 2881 late,
452 2822 496 2872 R¹.
524 2821 592 2885 lecte,
610 2826 634 2873 d.
652 2864 684 2872 -
707 2819 819 2887 quinque,
841 2825 921 2874 omitt.
939 2825 1015 2874 VR¹.
1035 2865 1066 2873 -
1088 2821 1196 2871 admisto
1211 2818 1267 2869 adi-

138 2884 186 2948 pis,
198 2886 230 2935 R.
248 2884 363 2936 admistio
374 2888 453 2952 adips,
465 2891 499 2940 V.
517 2888 627 2938 admista
639 2889 720 2954 adeps,
733 2893 756 2939 d.
770 2931 800 2940 ..
812 2891 926 2953 pusserr's,
939 2893 1001 2941 VR.
1015 2932 1046 2941 -
1061 2889 1218 2955 pollinuceoe,
1231 2891 1266 2938 V.

176 2953 191 3013 §
207 2959 262 3004 142.
284 2953 370 3017 Ibium,
383 2959 456 3006 R2d.
479 2956 580 3018 Ihicum,
593 2959 668 3008 VR'.
689 2999 718 3007 -
744 2958 832 3007 cineres
844 2974 894 3008 eum
907 2957 986 3023 adipe,
999 2961 1070 3009 R²d.
1087 2959 1176 3009 Omitt.
1189 2957 1266 3006 VR¹.

142 3020 228 3084 cinere,
241 3024 274 3072 Κ.
293 3064 324 3073 ..
344 3031 373 3085 et,
385 3025 488 3076 vau.
511 3024 583 3090 adeps
594 3033 623 3087 et,
635 3028 681 3077 R¹.
700 3067 731 3076 ..
749 3027 778 3088 si,
791 3028 854 3078 VR.
877 3026 919 3088 sio,
933 3029 957 3076 d.
976 3067 1007 3076 ..
1031 3026 1070 3088 ait,
1089 3026 1170 3075 omitt.
1182 3024 1265 3075 VRd.

143 3130 174 3139 -
197 3089 323 3153 conduci,
340 3094 442 3144 VRdr.
461 3134 493 3143 ..
516 3110 611 3156 venem,
627 3094 661 3145 V.
685 3135 717 3144 ..
742 3094 879 3159 propraetori,
897 3095 929 3144 V.
952 3135 983 3144 -
1009 3092 1073 3158 palti
1085 3091 1223 3158 pallinacei,
1241 3094 1266 3142 d.

140 3155 209 3222 palli,
221 3159 299 3209 R2T.
317 3161 406 3212 Omitt.
418 3162 493 3213 VR¹.
512 3203 544 3213 ..
566 3160 662 3226 sicum
679 3162 781 3212 VR2d.
807 3179 895 3224 samm,
912 3162 957 3211 R1.
975 3203 1007 3212 ..
1030 3161 1119 3210 invitas
1136 3160 1266 3225 reserpere,

143 3277 195 3326 Td.
215 3317 246 3326 ..
264 3285 335 3340 setae,
346 3281 400 3330 Rd.
418 3277 461 3328 aad
472 3279 524 3342 hac,
537 3281 571 3331 V.
591 3321 622 3330 ..
640 3278 718 3329 mulae
729 3279 759 3342 si,
772 3283 795 3331 d.
814 3279 934 3340 mulieri,
946 3280 980 3330 V.
998 3245 1099 3342 malim,
1111 3281 1143 3330 R.
1162 3320 1194 3329 -
1212 3277 1266 3328 iun-

142 3344 193 3405 ctis,
206 3346 262 3396 VR
270 3348 308 3395 ²d.
326 3347 406 3408 iratis,
418 3349 464 3398 3¹.
482 3347 578 3409 muchs,
590 3349 665 3398 codd.
678 3349 735 3399 Gel.
754 3388 785 3398 -
804 3355 827 3396 et
838 3347 935 3397 interae
946 3345 1085 3411 cellipentur
1096 3346 1129 3407 in,
1141 3349 1175 3397 K.

176 3439 261 3500 §lla
287 3437 378 3500 uuita,
395 3441 467 3490 R2d.
494 3439 636 3501 Qutvsst
656 3483 687 3491 -
711 3440 966 3505 epesserit,VR¹Td.
991 3440 1160 3504 passeriae
1186 3440 1266 3502 inpas-

141 3504 207 3566 serit
219 3501 269 3569 βγ.
282 3547 314 3556 ..
330 3506 421 3571 pipros,
434 3509 490 3558 Vd.
502 3549 533 3558 ..
548 3507 691 3567 liniamento,
703 3511 758 3559 Vd.
771 3549 802 3558 ..
821 3509 846 3558 in
858 3507 951 3569 dextre,
964 3510 1026 3559 R²d
1035 3511 1052 3558 ².
1072 3508 1266 3570 intraverat

143 3613 175 3622 ..
188 3571 297 3635 inhiberi,
306 3575 390 3624 VRd.
404 3600 435 3625 1-
448 3575 684 3639 vespertilionem
697 3577 786 3628 Omitt.
795 3578 892 3628 VR¹d.
907 3617 937 3626 ..
943 3575 1008 3639 floco
1020 3577 1140 3641 subpotum
1152 3591 1221 3640 quae,
1230 3576 1265 3625 V.

143 3681 174 3689 ..
194 3640 258 3703 capi,
270 3643 304 3691 V.
323 3683 354 3692 -
373 3643 462 3692 moveri
472 3643 507 3692 nit
518 3643 618 3705 ameris,
630 3645 665 3695 V.
684 3685 714 3694 ..
730 3644 856 3709 potionem,
865 3646 899 3694 V.

177 3733 192 3794 ξ
208 3739 263 3784 144.
286 3733 436 3784 Phthiriasin
448 3752 465 3784 a
478 3742 524 3784 toto
535 3752 638 3799 corpore,
650 3738 757 3787 Barbar.
778 3721 960 3801 ptyria⁶aemet
972 3737 1014 3786 toti
1026 3737 1138 3802 corporis,
1150 3738 1182 3788 R
1204 3735 1266 3801 Pty-

143 3800 229 3850 riosem
243 3802 319 3850 ectasi
332 3803 444 3867 eorporis,
455 3805 489 3853 V.
512 3803 638 3852 Ptiriasim
650 3805 723 3853 ectati
732 3804 844 3868 emporis,
857 3808 881 3855 d.
908 3806 998 3869 Spreta
1008 3807 1116 3856 Barbari
1127 3807 1265 3868 interpola-

143 3869 213 3918 tione
229 3870 341 3919 Plinium
363 3872 492 3934 scripsisse
513 3872 643 3922 existimo:
670 3871 828 3922 Phthiriusim
844 3872 931 3922 inhibet
952 3872 1022 3921 totius
1042 3873 1149 3938 eorporis
1165 3880 1266 3936 pota...

143 3937 262 3999 erpeium,
280 3935 358 3986 tadeo
370 3947 438 3987 necat
448 3955 524 3987 seram
537 3941 600 4001 rell,
618 3941 655 3989 ita
670 3948 699 3990 ut
710 3942 786 3991 verba
802 3939 871 3989 totius
882 3941 987 4005 eorporis
1001 3956 1055 3990 non
1066 3943 1100 3992 ad
1112 3939 1266 4005 phthiriasim

143 4004 292 4067 referantur,
310 4007 379 4069 quod
391 4011 468 4056 modo
480 4009 635 4072 ineptissime
646 4010 682 4070 fit,
699 4023 757 4058 cnm
769 4009 919 4074 phthiriasis
931 4025 983 4058 uon
995 4011 1028 4059 sit
1039 4011 1196 4073 singularum
1209 4021 1266 4057 eor-

143 4072 213 4134 poris
224 4075 341 4136 partium,
359 4077 403 4124 sed
421 4090 521 4139 semper
533 4077 610 4126 totius
626 4078 752 4141 corporis,
771 4077 903 4128 referenda
918 4078 1002 4142 potius
1020 4079 1121 4128 suntad
1134 4075 1267 4140 sequentia

144 4147 170 4187 et
185 4139 283 4190 Plinius
299 4141 370 4191 illam
387 4145 559 4193 membranam
577 4160 629 4194 nou
642 4159 675 4194 ax
686 4155 766 4209 parte,
783 4148 828 4195 sed
845 4152 924 4194 totam
940 4145 1076 4195 bibendam
1094 4160 1149 4196 esse
1161 4146 1267 4194 domon-

144 4213 215 4256 strat.
241 4207 314 4257 Illius
334 4225 394 4259 vero
414 4212 484 4261 vocis
501 4209 589 4260 inhibet
606 4228 639 4262 ex
655 4214 779 4276 scriptura
796 4214 892 4263 codicis
908 4215 933 4265 B
949 4228 965 4262 a
980 4228 1021 4262 me
1038 4221 1125 4262 erutae
1141 4227 1194 4263 non
1209 4212 1267 4260 leva

144 4274 280 4338 vestigium
291 4276 318 4325 in
331 4292 361 4326 eo
375 4279 491 4340 cernitur,
509 4282 578 4343 quod
590 4281 667 4343 vulgo
679 4275 701 4340 β
713 4282 797 4331 statim
809 4279 875 4331 infra
887 4278 974 4329 inhibet
988 4294 1035 4344 pro
1048 4288 1117 4328 necat
1127 4281 1266 4343 legebatur.
