2918 4800
203 276 264 338 114
554 288 757 336 saracems
779 287 974 336 nrsromsu

246 444 296 506 11.
319 440 464 507 Panaces
486 439 557 525 ipso
577 440 705 506 nomine
727 441 868 506 omnium
890 438 1074 504 morborum
1095 439 1238 504 remedia
1252 460 1324 526 pro·
1338 459 1371 505 eo

201 545 313 623 mittit,
347 564 552 607 numerosum
579 551 611 606 θῖ
640 541 692 607 dis
720 541 941 607 inventoribus
973 540 1189 625 adscriptum
1223 562 1324 606 unum
1408 546 1410 549 ’

202 645 322 731 quippe
337 643 514 730 Asclepion
537 642 791 731 cognominatur,
815 643 966 727 quoniam
988 641 1017 707 is
1033 641 1138 723 'filiam
1151 640 1325 706 Panaciam

202 747 392 833 appellavit;
422 767 518 811 sucus
540 754 591 810 est
611 755 740 809 mactus
761 745 882 809 feurlae
903 735 1032 829 qualem
1053 743 1193 808 diximus
1215 743 1324 809 radice

200 848 292 913 multi
311 846 437 914 corticis
460 856 492 910 et
514 845 600 912 salsi.
622 845 695 911 Hac
718 846 826 911 evolsa
848 845 994 911 scrobem
1014 844 1133 930 repleri
1155 845 1243 911 vario
1263 868 1323 934 ge·

107 1030 109 1035 ,
200 971 277 1014 nere
298 949 428 1036 frugum
449 947 563 1033 religio
585 956 635 1011 θεῖ
656 969 695 1012 ac
723 956 826 1012 terrae
853 946 1060 1033 piamentum.
1098 945 1167 1012 Ubi
1189 957 1368 1032 ecquam

199 1072 274 1114 nam
295 1049 388 1114 fieret
409 1049 504 1113 modo
527 1059 582 1112 aut
608 1047 704 1130 quale
731 1070 881 1114 maxume
907 1046 1109 1134 probaretur,
1136 1047 1221 1113 inter
1248 1071 1323 1134 per·

201 1151 314 1239 egrina
335 1150 513 1228 docuimus.
549 1149 591 1213 Id
615 1149 703 1233 quod
725 1172 743 1214 e
765 1149 958 1215 Macedonia
985 1149 1131 1215 adfertur
1156 1148 1324 1215 bucolicon

201 1263 327 1331 vocant,
351 1250 551 1317 armentariis
574 1261 687 1334 sponte
709 1262 929 1338 erumpentem
947 1272 1059 1316 sucum
1073 1248 1323 1336 excipientibus3

200 1352 262 1419 hoc
289 1352 453 1418 celerrime
480 1351 640 1428 vanescit3
669 1363 701 1416 et
726 1353 760 1416 in
782 1353 852 1418 aliis
880 1363 988 1417 autem
1013 1350 1187 1439 generibus
1212 1351 1324 1438 inpro-

201 1453 297 1525 batur
319 1475 467 1518 maxume
489 1452 618 1538 nigrum
639 1470 677 1516 ao
698 1452 808 1528 molle3
830 1452 866 1516 id
881 1453 966 1518 enirn
979 1462 1170 1539 argumento
1184 1462 1236 1517 est
1249 1473 1324 1518 cera

202 1555 384 1620 adulterati.

248 1660 298 1723 12.
320 1657 468 1722 Alterum
490 1678 593 1745 genus
614 1655 782 1721 heracleon
804 1666 920 1721 vocant
942 1665 974 1721 et
995 1655 1036 1722 ab
1051 1655 1194 1721 Hercule
1211 1655 1323 1721 iuven·
1338 1671 1371 1716 aa

204 1769 270 1823 tum
292 1757 434 1836 tradunt,
456 1757 510 1822 alii
526 1757 696 1843 origanum
710 1756 957 1822 heracleoticum
971 1767 1028 1822 aut
1041 1755 1199 1836 silvestre,
1221 1776 1325 1841 quon·

202 1860 266 1924 iam
282 1869 331 1925 θεῖ
345 1859 477 1946 origano
492 1859 605 1936 simile,
628 1859 734 1923 radice
748 1859 864 1936 inutili,
887 1856 927 1922 de
942 1879 1005 1942 quo
1025 1859 1159 1945 origano
1174 1855 1324 1922 diximus.

245 1964 295 2028 13.
325 1961 472 2026 Tertium
500 1982 640 2046 panaces
664 1957 853 2026 Chironium
882 1959 1127 2046 cognominatur
1148 1961 1189 2026 ab
1210 1960 1324 2025 inven-

204 2076 283 2129 tore.
319 2061 447 2127 Folium
468 2062 538 2127 eius
561 2061 662 2143 simile
683 2061 824 2147 lapatho,
852 2061 957 2126 mains
979 2072 1086 2128 tamen
1108 2071 1140 2127 et
1158 2061 1325 2140 hirsutius,

203 2165 261 2230 flos
284 2187 411 2242 aureus,
433 2164 526 2229 radix
547 2186 658 2249 parva.
680 2162 829 2228 Nascitur
844 2162 1018 2250 pinguibus
1033 2164 1121 2229 locis.
1144 2160 1254 2229 Huius
1267 2163 1326 2229 flos

196 2266 446 2331 'efficacissimus
468 2287 571 2349 eoque
593 2264 730 2349 amplius
751 2286 849 2348 quam
873 2262 1078 2350 supradicta
1100 2264 1241 2349 prodest.

250 2370 300 2431 14.
328 2366 489 2448 Quartum
510 2389 615 2452 genus
642 2388 779 2451 panaces
806 2366 982 2431 abeodem
1004 2365 1145 2433 Chirone
1166 2377 1327 2453 repertum
1341 2381 1374 2425 8³

207 2468 392 2533 centaurion
418 2469 669 2557 cognominatur,
697 2468 755 2533 sed
775 2480 808 2533 et
828 2465 1028 2532 Pharnacion
1054 2469 1088 2532 in
1110 2467 1328 2534 controversia

205 2568 399 2634 inventionis
421 2593 441 2634 a
462 2569 630 2635 Pharnace
653 2591 730 2656 rege
753 2569 938 2635 deductum.
975 2567 1102 2635 Seritur
1121 2570 1182 2636 hoc
1203 2571 1328 2660 longio-

243 2780 315 2841 §30.
338 2775 472 2840 adscripsit,
489 2795 511 2828 a.
537 2778 657 2829 Ceterum
673 2794 697 2828 v.
713 2779 830 2829 Dioscor.
847 2785 871 2838 3,
890 2783 930 2828 48.
947 2784 988 2828 49.
1006 2785 1045 2830 50.
1074 2820 1104 2828 ..
1131 2778 1242 2842 quoniam
1259 2777 1287 2840 ir,
1305 2795 1328 2829 a.

209 2861 275 2907 peras,
287 2846 320 2894 V.
339 2843 387 2906 qai,
400 2845 453 2894 Td.
471 2844 562 2908 aqueas,
575 2845 673 2897 Sessar.
695 2844 805 2908 pacatam
817 2843 949 2909 Asclepius,
961 2846 994 2896 K.
1018 2887 1049 2896 ..
1072 2846 1214 2908 Panaciam,
1227 2848 1258 2897 Τ.
1276 2846 1328 2896 Ρα-

208 2911 307 2970 nactam,
319 2913 375 2961 Vd.
393 2911 540 2974 Paroream,
553 2909 624 2976 θβγ.
643 2913 791 2975 distractam,
804 2914 900 2965 Sessar.
919 2955 951 2962 -
970 2921 1005 2962 cst
1016 2913 1219 2976 mactasferalae,
1231 2917 1276 2964 ad.
1295 2922 1331 2962 est

209 2987 287 3027 coctas
290 2977 397 3040 ferulae,
409 2980 443 3028 V.
461 2988 555 3029 coactas
563 2979 672 3042 ferulae,
683 2977 733 3044 βγ.
752 2997 781 3029 ca
793 2997 819 3029 eo
830 2981 921 3046 copitar
936 2989 962 3030 at
977 2989 1000 3030 ct
1007 2980 1102 3045 feram,
1115 2982 1148 3031 K.
1172 3023 1204 3030 -
1226 2980 1329 3030 ‹limma-r

211 3053 251 3107 12,
266 3050 321 3098 127.
341 3087 372 3095 -
390 3048 492 3095 scrobem
505 3046 604 3113 repleri3
617 3051 649 3098 ab
661 3050 702 3099 his
713 3063 753 3098 vv.
766 3050 849 3100 denno
861 3049 952 3114 incipit
963 3051 994 3101 R.
1007 3089 1039 3098 ..
1057 3065 1095 3111 ac,
1107 3065 1131 3100 a.
1149 3048 1202 3110 hac,
1213 3051 1268 3101 Vd.
1286 3047 1328 3111 ad,

208 3115 242 3165 K.
262 3155 292 3164 ..
309 3114 445 3177 piametam,
457 3116 491 3164 V.

243 3201 258 3263 ξ
271 3205 311 3260 31.
330 3215 439 3262 quonam,
451 3201 523 3250 Tad.
542 3199 659 3263 qaenam,
671 3201 734 3251 VR.
747 3217 800 3263 qao,
812 3196 841 3261 β.
854 3202 966 3265 „seret
978 3202 1117 3254 Sessar.-
1130 3209 1181 3264 aut,
1196 3194 1329 3251 evuco.

209 3275 238 3328 et,
251 3262 301 3332 βγ.
321 3309 352 3316 -
371 3264 490 3315 docuimus
503 3274 542 3328 12,
556 3271 612 3319 127.
627 3309 657 3317 -
676 3266 741 3331 qaod
751 3284 763 3317 e
774 3267 933 3332 Macedonia3
945 3284 992 3332 pro
1004 3271 1044 3321 his
1056 3285 1095 3319 vv.
1108 3271 1186 3320 habet
1197 3267 1261 3332 qaod
1270 3267 1329 3317 Ma-

208 3333 307 3384 cedonia
318 3350 342 3395 a,
360 3332 424 3398 qaod
435 3335 553 3396 amoniaca
564 3336 596 3394 R,
614 3334 678 3398 qaod
688 3335 823 3384 demommo
835 3339 859 3397 d,
878 3335 1077 3386 circademom'aoo
1089 3338 1116 3388 V
1150 3337 1214 3386 rima
1232 3336 1330 3400 syllaba

209 3404 234 3452 in
248 3405 360 3466 margine
372 3403 465 3452 addita.
484 3443 515 3452 ..
535 3403 673 3465 armentari,
686 3421 709 3454 a.
728 3445 758 3453 ..
781 3404 1028 3466 erampeatc‚Sessor.
1051 3446 1082 3455 -
1105 3352 1259 3464 celibemr'me,
1272 3403 1328 3453 vd.

209 3511 240 3520 -
254 3469 365 3530 vaomar,
377 3471 439 3520 VR.
458 3469 582 3529 manescit,
594 3466 685 3535 θᾶβγ.
699 3513 731 3520 -
743 3471 898 3534 improbatur,
911 3486 933 3521 a.
949 3473 1073 3535 probatur,
1089 3464 1200 3522 OVRd.
1214 3512 1245 3521 ..
1258 3486 1295 3531 ac,
1306 3486 1328 3520 a.

209 3546 259 3600 aot,
271 3539 355 3590 VRd.
374 3578 405 3586 ..
424 3545 569 3601 aryamcnta
585 3531 715 3589 OvRad.
733 3547 901 3602 orcomenam,
913 3535 943 3600 β.
962 3580 994 3589 -
1017 3538 1155 3601 adulterati,
1166 3538 1219 3589 Ra.
1237 3537 1329 3587 adulte-

209 3639 295 3691 ratum,
305 3631 358 3680 Td.
376 3613 537 3691 adulteratirir,
548 3631 582 3680 V.

244 3722 258 3783 ξ
271 3728 312 3772 82.
331 3720 460 3784 heracleon,
473 3722 589 3773 V²Rad
601 3721 725 3786 (Sessar.)
742 3722 865 3784 heraclea,
877 3725 924 3775 V¹.
943 3723 1069 3786 baselica,
1080 3720 1131 3789 βγ.
1144 3766 1176 3774 ..
1192 3731 1215 3773 et
1226 3724 1264 3782 ab,
1276 3724 1329 3773 Rs.

211 3791 249 3851 ab,
261 3791 295 3839 V.
314 3790 371 3840 Om.
384 3791 408 3839 d.
438 3831 468 3839 ..
495 3787 672 3839 heracleoticum
683 3798 733 3852 cat,
745 3793 798 3842 Td.
820 3791 936 3841 heracleos
952 3795 982 3842 ca
997 3800 1047 3852 aar,
1067 3795 1101 3844 V.
1132 3789 1226 3840 heraclo
1243 3793 1267 3839 tr'c
1283 3787 1329 3852 ide,
1367 3807 1369 3810 ⁴

212 3857 244 3907 R.
262 3855 447 3918 hermboticam,
464 3852 536 3920 θβγ.
559 3857 788 3909 heracleotem...
804 3858 930 3920 calceare,
948 3861 1046 3913 Sessar.
1071 3861 1112 3910 Dc
1128 3861 1169 3910 his
1184 3860 1331 3909 nominibus

212 3924 276 3973 haec
289 3925 364 3975 tradit
374 3925 492 3976 Dioscor.
503 3931 528 3987 3,
541 3931 587 3976 ⁴92
604 3921 715 3974 καλοῦσι
732 3923 765 3974 δέ
781 3941 853 3984 τινες
865 3924 984 3985 advexe<
998 3924 1094 3992 ἀγρίαν
1111 3923 1249 3992 ὀρίγανον,
1263 3927 1331 3977 unde

212 3991 279 4040 Ptin.
290 3993 361 4055 parvi
372 3993 464 4043 enoris
476 3993 578 4058 quidem
590 3994 755 4054 convincitur,
767 3996 810 4044 sed
822 3996 946 4059 scriptura
957 3997 1052 4046 ecodd.
1061 4004 1162 4059 recepta
1170 3996 1331 4059 aliquatenus

213 4066 297 4107 tamen
308 4059 484 4124 confirmatum
501 4063 607 4124 vulgata
617 4069 684 4111 certe
694 4077 745 4111 non
758 4071 796 4112 est
807 4061 919 4112 ferenda.
938 4102 969 4112 ..
989 4062 1091 4112 decimus
1103 4069 1144 4123 20,
1158 4067 1214 4113 lro.
1225 4104 1257 4111 -
1274 4061 1331 4111 Ter-

214 4123 277 4184 tium,
289 4126 372 4176 VRa.
394 4126 498 4177 Tertiam
509 4144 590 4193 oenus,
603 4128 655 4180 Td.
675 4129 794 4180 Ceterum
806 4146 830 4179 v.
842 4130 972 4194 T'heophr.
984 4131 1043 4181 hist.
1054 4132 1134 4194 plant.
1146 4130 1194 4180 IX.
1209 4137 1248 4190 11,
1262 4134 1284 4179 1.
1299 4169 1330 4178 -

210 4208 315 4256 panacea
329 4192 474 4257 Ολίνοπῖιιηι,
486 4199 531 4246 ad.
549 4195 646 4260 pincest
660 4195 804 4258 Chironiam,
817 4198 851 4248 V.
869 4196 932 4262 pino
943 4201 956 4247 ὀ
967 4197 1091 4260 lacrima,
1102 4198 1135 4248 R.
1153 4213 1262 4261 panacea
1276 4194 1331 4246 cti-

213 4260 303 4322 ronim,
315 4257 368 4326 βγ.
386 4260 483 4324 linceos,
496 4262 593 4314 Sessar.
613 4304 643 4314 ..
662 4263 739 4314 amite
751 4263 856 4330 lapatho,
868 4267 971 4318 Vltad.
990 4263 1088 4330 lapatho
1098 4263 1183 4328 simile,
1194 4260 1246 4331 βγ.
