2918 4800
435 291 503 336 um.
521 291 618 354 xxm.
649 289 726 337 car.
742 292 792 337 1u.
823 289 919 337 sacr.
940 295 967 334 u.
1200 274 1262 338 347

145 441 281 508 cervicis
304 441 465 507 doloribus
488 465 560 507 curn
582 442 729 507 anserino
744 441 840 527 adipe
855 451 886 505 et
900 463 1042 517 rosaceo,
1066 442 1152 509 sedis
1167 445 1263 508 etiam

144 543 231 609 vitiis
252 543 402 607 indurata
424 543 492 630 igni
515 556 550 608 ut
572 546 677 610 calore
699 565 826 628 quoque
848 543 983 628 prosint,
1006 555 1038 607 et
1060 546 1263 629 condyloma-

144 647 184 709 tis
208 667 280 709 cum
302 666 442 722 rosaceo,
465 645 543 708 item
559 645 716 710 ambustis
731 646 843 710 durata
857 645 890 708 in
907 666 1000 728 aqua,
1023 666 1098 709 mox
1112 645 1145 708 in
1160 668 1265 730 pruna

143 746 364 833 putaminibus
386 748 521 823 exustis3
545 758 612 810 tum
634 748 720 812 lutea
742 771 782 812 ex
803 769 934 812 rosaceo
953 747 1140 812 inlinuntur.
1162 746 1264 812 Fiunt

144 859 175 912 et
196 858 264 911 tcta
284 847 370 912 lutea
393 869 475 931 quae
496 860 613 914 vocant
635 848 749 927 sitista,
772 871 844 913 cum
868 849 975 913 triduo
989 847 1133 912 incubita
1147 848 1263 912 tollun-

144 961 205 1014 tur.
245 947 453 1014 Stomachum
480 950 672 1015 dissolutum
701 951 888 1016 confirmant
915 950 995 1036 pulli
1029 973 1162 1015 ovorum
1191 972 1264 1014 cum

143 1051 246 1138 gallae
268 1051 400 1114 dimidio
426 1051 472 1115 ita
498 1074 539 1116 ne
567 1064 640 1118 aute
669 1054 750 1117 duas
771 1053 866 1118 horas
893 1054 975 1119 alius
997 1053 1089 1119 cibus
1111 1062 1264 1117 sumatur.

143 1151 235 1216 Dant
256 1163 288 1216 et
310 1153 515 1237 dysintericis
536 1155 642 1238 pullos
662 1156 697 1219 in
714 1154 786 1240 ipso
800 1178 861 1220 ovo
877 1156 1026 1220 decoctos
1040 1154 1184 1218 admixta
1197 1152 1265 1218 vini
1278 1171 1310 1213 46

144 1255 263 1319 austeri
292 1254 418 1318 hemina
445 1266 478 1318 et
504 1257 574 1342 pari
602 1258 696 1320 modo
723 1257 785 1321 clei
817 1258 1034 1341 polentaeque.
1072 1256 1265 1320 Membrana

143 1355 300 1441 putamini
323 1356 468 1422 detracta
490 1358 557 1422 sive
579 1359 679 1423 crudo
698 1358 765 1423 sive
780 1370 871 1424 cocto
885 1358 1043 1424 labiorum
1057 1358 1180 1422 fissuris
1194 1380 1263 1421 me-

144 1459 248 1536 detur,
270 1458 447 1543 putaminis
469 1460 549 1524 cinis
570 1460 604 1523 in
626 1460 700 1525 vino
721 1471 818 1546 potus
842 1460 1009 1547 sauguinis
1025 1459 1263 1544 eruptionibus3

144 1560 278 1625 conburi
301 1559 369 1625 sine
391 1560 577 1625 membrana
598 1573 724 1647 oportet
730 1587 739 1639 ;
763 1562 809 1626 sio
826 1562 863 1625 fit
877 1573 908 1626 et
924 1562 1149 1626 dentifricium.
1172 1560 1264 1624 Idem

144 1660 227 1726 cinis
249 1673 281 1725 et
302 1663 473 1726 mulierum
494 1685 622 1728 menses
645 1687 717 1729 curn
740 1686 849 1728 murra
870 1664 979 1727 inlitus
995 1664 1089 1728 sistit.
1111 1660 1265 1725 Firmitas

143 1762 343 1847 putaminum
365 1773 454 1828 tanta
479 1776 528 1829 est
548 1776 585 1829 ut
606 1776 694 1830 recta
718 1788 779 1830 nec
801 1765 833 1830 vi
847 1788 907 1829 nec
926 1765 1068 1850 pondere
1089 1764 1155 1828 ullo
1176 1763 1263 1827 fran-

144 1874 260 1950 gantur
281 1886 342 1930 nec
363 1865 425 1930 nisi
446 1867 578 1951 paulum
599 1867 717 1932 inflexa
738 1868 944 1932 rotunditate.
981 1866 1065 1930 Tota
1087 1888 1148 1930 ova
1171 1865 1263 1929 adiu·
1277 1878 1308 1924 47

144 1976 222 2029 vant
242 1978 373 2051 partum
393 1989 465 2032 oum
487 1981 560 2033 ruta
582 1980 613 2032 et
633 1983 727 2034 aneto
750 1979 783 2034 et
804 1969 931 2034 cumino
953 1978 1029 2053 pota
1045 1989 1062 2031 e
1078 1967 1169 2044 vino;
1193 1989 1263 2031 sca-

143 2065 227 2130 biem
254 2089 423 2153 corporum
450 2092 488 2134 ac
516 2070 675 2154 pruritum
704 2070 774 2136 oleo
801 2084 833 2135 et
861 2069 969 2134 cedria
1000 2069 1111 2132 mixtis
1140 2067 1262 2144 tollunt,

143 2167 250 2232 ulcera
272 2191 399 2253 quoque
420 2171 529 2235 umida
549 2172 583 2234 in
605 2171 711 2256 capite
733 2172 908 2256 cyclamino
930 2171 1081 2234 admixta.
1104 2169 1160 2235 Ad
1174 2168 1265 2253 puris

91 2272 93 2283 '
144 2279 176 2332 et
198 2271 363 2358 sanguinis
392 2272 627 2337 exscreationes
654 2295 748 2338 ovom
775 2273 909 2337 crudum
936 2295 1009 2337 cum
1038 2273 1126 2356 porri
1153 2270 1265 2335 sectivi

145 2392 221 2435 suco
253 2374 388 2457 parique
420 2397 571 2439 mensura
604 2375 707 2440 mellis
737 2372 855 2439 Graeci
888 2374 1076 2438 calefactum
1108 2371 1264 2435 hauritur.

144 2471 271 2536 Dantur
293 2486 325 2537 et
347 2475 558 2540 tussientibus
580 2488 671 2540 cocta
693 2487 725 2540 et
747 2476 821 2540 trita
835 2498 907 2540 eum
920 2476 1016 2539 melle
1031 2487 1066 2539 et
1077 2474 1177 2537 cruda
1191 2494 1265 2537 cum

143 2594 240 2657 passo
263 2575 388 2660 oleique
410 2577 480 2662 pari
503 2578 607 2642 modo.
630 2575 851 2643 Infunduntur
862 2588 894 2643 et
910 2577 1071 2642 virilitatis
1085 2575 1172 2640 vitiis
1195 2574 1263 2639 sin·
1278 2589 1309 2631 48

144 2676 222 2759 gula
242 2697 316 2739 cum
338 2678 436 2741 ternis
457 2678 546 2762 passi
568 2679 692 2763 cyathis
714 2680 873 2763 amylique
896 2679 1057 2744 semuncia
1078 2700 1098 2740 a
1111 2677 1263 2752 balineis3

144 2776 298 2842 adversus
319 2777 402 2842 ictus
424 2781 619 2865 serpentium
641 2791 730 2846 cocta
750 2782 886 2863 tritaque
901 2780 1026 2844 adiecto
1041 2778 1198 2842 nasturtio
1213 2777 1263 2840 in-

144 2878 298 2942 linuntur.
321 2876 403 2944 Cibo
425 2893 502 2963 quot
524 2883 627 2948 modis
641 2883 752 2946 iuvent
766 2895 877 2947 notum
897 2891 956 2957 est,
980 2904 1053 2946 oum
1069 2890 1265 2944 transmeent
1358 2911 1364 2917 ·

144 2977 286 3041 faucium
307 2989 465 3045 tumorem
494 2984 693 3067 calfactuque
715 2983 817 3048 obiter
831 2983 966 3047 foveant.
990 2981 1106 3046 Nullus
1121 2990 1170 3045 est
1183 2979 1264 3043 alius

145 3076 235 3140 cibus
257 3079 313 3161 qui
333 3080 367 3142 in
389 3072 590 3167 aegritudine
612 3083 675 3147 alat
695 3105 801 3166 neque
823 3094 933 3146 oneret
954 3082 1111 3164 simulque
1126 3080 1190 3146 vim
1205 3101 1263 3164 po-

145 3247 280 3309 (excors.)
294 3252 316 3300 d.
341 3251 476 3315 atervius,
487 3249 538 3318 βγ.
558 3296 589 3306 ..
607 3253 747 3318 inflationes,
759 3256 815 3304 Vd.
838 3262 860 3303 et
872 3253 1013 3316 irfiotiones,
1025 3256 1080 3317 Rr.
1103 3293 1128 3300 -
1149 3250 1265 3313 artuino,

149 3310 286 3367 OVRTu.
309 3315 451 3379 accinass.
583 3362 588 3373 ,
1058 3326 1063 3330 ’

179 3387 246 3447 §aa
265 3383 388 3447 indurata,
404 3380 541 3437 OVRTd.
565 3387 662 3449 durato,
673 3384 703 3450 β
723 3430 754 3440 ..
772 3390 796 3438 in
808 3406 880 3453 aqua,
896 3382 1033 3440 OVRTd.
1057 3403 1087 3435 ea·
1098 3402 1172 3450 aqua,
1184 3383 1212 3447 β.
1233 3427 1262 3436 ..

145 3449 255 3511 calcetis,
268 3453 302 3501 V.
321 3495 352 3503 ..
376 3471 406 3503 ex
423 3471 525 3514 rosaceo,
537 3457 590 3506 Rd.
617 3463 640 3504 et
650 3472 753 3518 rosaceo,
766 3458 800 3508 V.
819 3498 849 3506 -
869 3455 970 3517 illinunt,
984 3458 1008 3506 d.
1028 3496 1058 3504 ..
1078 3453 1166 3514 lutaeo,
1179 3455 1211 3503 V.
1233 3494 1263 3502 -

145 3517 232 3579 sitista,
244 3520 307 3569 VR.
325 3521 415 3584 eierato,
428 3525 452 3572 d.
470 3523 551 3584 εἰείείί,
564 3524 596 3573 Τ.
612 3522 709 3584 schisto,
721 3527 824 3575 Barbar.
837 3519 866 3586 β.
884 3523 1007 3590 synclytca
1020 3525 1087 3574 Pint.
1101 3563 1132 3570 -
1151 3520 1264 3582 iambita,

145 3587 258 3636 VRTd.
278 3587 397 3651 inundata,
409 3586 438 3652 β.

180 3657 253 3716 §ta
279 3656 347 3718 Dan,
364 3659 397 3707 V.
425 3700 454 3708 -
478 3659 598 3722 putamini
612 3656 728 3719 decocto,
744 3660 828 3710 VTd.
855 3657 985 3722 putaminis
1000 3655 1116 3719 detorta,
1132 3653 1212 3718 ufir.
1231 3697 1263 3705 -

145 3721 329 3780 combertus
355 3728 495 3786 comburere,
513 3727 566 3776 Td.
591 3767 622 3775 ..
641 3726 897 3789 fitet‚VR²d.'fit‚
915 3727 961 3775 R'.
981 3766 1012 3775 ..
1035 3723 1112 3786 Idem,
1129 3725 1212 3775 RTd.
1238 3723 1265 3771 id

146 3795 187 3844 θεῖ,
199 3789 232 3837 V.
253 3830 283 3838 -
302 3799 326 3841 et
336 3792 465 3854 oratiorum,
477 3794 509 3843 R.
533 3809 583 3842 eum
597 3792 727 3852 mulierum,
738 3795 771 3843 V.
795 3793 1046 3854 retractaremus
1067 3834 1097 3842 ..
1116 3791 1261 3852 intrusus

146 3855 209 3914 litus,
222 3856 266 3905 ΒΛ.
285 3857 380 3915 latirus,
393 3861 477 3910 VTd.
497 3902 527 3909 -
543 3859 650 3923 paulam,
667 3854 775 3912 OVRd.
791 3860 922 3925 paululum,
935 3857 984 3924 βγ.
1216 3863 1220 3871 ’

179 3926 247 3987 547.
270 3923 350 3983 Tau,
364 3921 393 3976 θ.
412 3968 442 3976 ..
461 3943 512 3976 oum
524 3936 588 3990 ruta,
600 3930 654 3980 Rd.
672 3937 765 3989 curata,
775 3931 809 3979 V.
824 3971 854 3979 -
872 3937 949 3990 aneto,
962 3930 993 3978 R.
1011 3926 1104 3988 anetho,
1116 3923 1220 3990 Vdssr.
1234 3968 1263 3976 ..

146 3991 230 4051 acino,
244 3985 353 4041 OVRd.
380 4011 409 4042 aa
426 3994 487 4057 uino,
503 3990 532 4055 β.
552 4037 583 4046 ..
606 3995 696 4058 cedria,
712 3999 761 4047 R2.
788 3995 976 4058 cedra,VR'd.
998 4037 1028 4046 ..
1054 3995 1171 4056 tolluntur,
1188 3996 1213 4043 d.
1233 4035 1264 4043 ..

145 4057 194 4119 Ad,
206 4060 304 4108 V¹Rd.
323 4059 368 4120 Ac,
380 4062 431 4111 V2.
452 4104 482 4112 ..
500 4061 645 4127 satifactum,
657 4066 691 4115 V.

178 4130 247 4191 §ts
270 4128 379 4191 singulis,
391 4132 435 4180 R'.
455 4171 486 4179 -
504 4130 602 4195 cyathis,
617 4134 697 4181 omitt.
710 4132 794 4181 VRd.
815 4173 845 4181 ..
864 4131 989 4196 amulique,
1002 4134 1035 4181 V.
1055 4173 1085 4181 ..
1104 4130 1218 4191 adrosis,
1230 4132 1264 4180 V.
1277 4128 1279 4134 ’

147 4235 177 4242 -
200 4193 256 4244 cito
268 4204 331 4259 quot,
349 4199 421 4247 codd.
435 4198 490 4249 Gel.
521 4197 576 4248 Otto
591 4198 661 4263 quod,
673 4201 707 4250 V.
737 4197 804 4264 Olbos
820 4208 883 4262 quot,
899 4202 931 4250 R.
961 4197 1028 4249 Cetos
1044 4198 1113 4262 quod,
1131 4201 1154 4249 d.
1174 4240 1204 4248 ..
1228 4199 1264 4247 iu·

147 4263 205 4323 beat,
217 4264 250 4313 V.
271 4307 300 4314 -
321 4265 398 4330 nrayis
409 4265 469 4328 alut,
481 4268 513 4316 K.
533 4308 563 4316 -
582 4267 629 4317 uim
639 4275 717 4332 potus,
729 4268 805 4319 VRd
817 4267 903 4331 (codd.
917 4266 986 4330 Gal.)
1009 4268 1059 4318 vini
1068 4283 1142 4328 usum,
1154 4284 1173 4317 r.
