2918 4800
209 275 272 336 370
559 288 764 334 urrunnsrs
787 288 982 336 nrsroums

210 455 300 507 taxat
321 441 453 507 rubrum
475 440 621 505 lusciosis
643 439 734 505 inlini
756 451 944 505 monstrant.
966 440 1119 506 Laudant
1141 453 1173 508 et
1194 443 1333 530 gallinae
1350 463 1398 506 124

210 544 253 608 fel
276 557 306 608 et
329 542 502 628 praecipue
524 543 650 628 adipem
674 553 784 607 contra
805 543 939 628 pusulas
961 543 993 606 in
1016 543 1148 628 pupillis
1155 570 1165 622 ;
1188 545 1246 610 has
1267 545 1332 610 sci·

207 647 282 712 licet
313 645 382 710 eius
409 645 455 710 rei
488 646 594 731 gratia
629 644 793 732 saginant3
832 629 964 708 adiuvat
997 645 1129 710 mirifice
1159 657 1191 711 et
1219 658 1333 733 ruptas

137 822 158 841 N
208 751 371 815 oculorum
399 747 557 813 tuniculas
585 747 735 811 admixtis
764 747 884 812 schisto
912 757 944 812 et
965 747 1137 814 haematite
1159 749 1332 835 lapidibus.

207 851 336 916 Fimum
371 872 497 936 quoque
530 872 641 914 earum
670 850 838 913 dumtaxat
864 848 1036 914 candidum
1063 849 1096 914 in
1125 850 1195 916 oleo
1223 862 1332 917 vetere

208 953 397 1036 corneisque
419 951 595 1038 pyxidibus
611 951 783 1015 adservant
797 952 839 1014 ad
853 951 1048 1037 pupillarum
1062 952 1244 1039 albugines,
1267 975 1333 1037 qua

207 1056 239 1119 in
262 1055 425 1120 mentione
447 1053 692 1141 significandum
721 1063 770 1118 est
797 1075 940 1138 pavones
966 1053 1076 1118 fimum
1106 1077 1199 1118 suum
1225 1078 1332 1120 resor-

206 1158 283 1223 bere
306 1157 388 1221 tradi
402 1156 580 1220 invidentis
594 1155 759 1220 hominum
774 1155 974 1220 utilitatibus.
998 1153 1166 1240 Accipiter
1180 1155 1333 1222 decoctus
1350 1174 1398 1218 125

207 1260 240 1324 in
273 1281 405 1323 rosaceo
433 1256 676 1322 efficacissimus
709 1257 750 1321 ad
778 1257 981 1322 inunctiones
1011 1258 1153 1322 omnium
1181 1258 1333 1324 vitiorum

207 1371 350 1446 putatur,
372 1359 448 1423 item
470 1358 537 1422 fimi
560 1358 628 1422 eius
651 1357 733 1422 ainis
755 1380 828 1423 cum
849 1357 960 1423 Attico
982 1358 1085 1424 melle.
1108 1357 1279 1425 Laudatur
1302 1371 1334 1425 et

207 1462 297 1527 milvi
318 1461 423 1537 iecur,
450 1460 560 1523 fimum
581 1481 709 1543 quoque
732 1457 952 1525 columbarum
974 1482 1016 1524 ex
1038 1470 1126 1526 aceto
1147 1460 1188 1524 ad
1210 1459 1332 1546 aegilo-

207 1564 272 1650 pia,
288 1562 442 1655 *similiter
464 1562 505 1626 ad
527 1561 694 1647 albugines
716 1572 747 1625 et
770 1561 950 1640 cicatrices,
974 1561 1019 1626 iel
1040 1562 1232 1639 anserinum,
1257 1585 1331 1627 san·

207 1667 281 1752 guis
310 1675 438 1729 anatum
467 1664 634 1729 contunsis
663 1664 764 1729 oculis
786 1664 831 1728 ita
854 1674 890 1727 ut
911 1675 1024 1750 postea
1045 1687 1167 1750 oesypo
1188 1675 1220 1728 et
1241 1665 1333 1730 melle

206 1771 436 1855 inunguantur,
459 1764 502 1829 fel
522 1764 691 1855 perdicum
713 1785 785 1828 cum
806 1763 910 1830 mellis
932 1786 1034 1848 aequo
1048 1765 1200 1851 pondere,
1223 1787 1283 1851 per
1299 1788 1334 1831 se

208 1894 282 1936 vero
304 1871 346 1934 ad
367 1867 560 1942 claritatem3
582 1865 794 1952 Hippocratis
813 1876 930 1953 putant
944 1867 1133 1934 auctoritate
1148 1868 1232 1933 adici
1247 1869 1334 1952 quod

207 1972 242 2035 in
264 1981 417 2058 argentea
440 1969 561 2055 pyxide
583 1969 617 2032 id
640 1968 762 2034 servari
782 1969 902 2034 iubent.
926 1968 1000 2035 Ova
1021 1970 1188 2056 perdicum
1205 1970 1239 2034 in
1256 1993 1333 2036 vase
1350 1987 1399 2031 ras

208 2093 303 2137 aereo
326 2071 459 2139 decocta
487 2094 559 2136 curn
582 2071 676 2140 melle
699 2071 860 2136 ulceribus
882 2073 1048 2138 oculorum
1069 2083 1102 2138 et
1123 2071 1333 2159 glaucomatis

208 2172 392 2248 medentur;
418 2171 649 2251 columbarum,
664 2172 873 2258 palumbium,
890 2184 1061 2251 turturum,
1076 2174 1242 2259 perdicum
1257 2196 1333 2238 san·

243 2312 312 2375 illini,
326 2314 437 2364 VRTd.
461 2311 615 2372 illiciendum,
632 2307 660 2372 β.
682 2354 712 2362 -
731 2320 869 2373 monstrant,
883 2314 913 2363 T.
932 2320 1055 2373 aronstrat,
1068 2315 1152 2364 vad.

243 2382 328 2442 ἓ124.
346 2380 470 2442 Laudant,
488 2385 536 2433 R‘2.
559 2379 668 2440 Laudat,
684 2382 782 2431 vau.
807 2421 837 2431 ..
859 2379 974 2445 palliaco,
986 2383 1040 2431 Vd.
1057 2381 1185 2446 palliaaca,
1198 2382 1242 2431 R'.
1260 2380 1334 2446 palli·

210 2448 285 2510 aucei,
299 2444 373 2498 8R2.
393 2490 424 2498 -
447 2457 470 2496 et
483 2448 624 2512 praecipua,
641 2450 672 2498 R.
696 2446 739 2496 sed
755 2457 778 2496 et
789 2448 926 2513 praecipue,
938 2451 995 2500 Vd.
1017 2448 1061 2497 sed
1074 2450 1209 2513 praecipue,
1226 2445 1276 2513 βν.
1302 2491 1332 2499 -

209 2515 315 2580 pusulas,
332 2509 469 2566 OVRTd.
486 2515 602 2579 pustulas,
614 2512 643 2577 β.
664 2557 694 2565 ..
709 2515 760 2574 tas,
773 2519 796 2565 d.
815 2532 864 2573 aec,
878 2511 965 2578 OVR,
984 2533 1034 2580 qua
1046 2533 1079 2567 ex
1091 2519 1214 2581 scriptura
1225 2518 1333 2568 11111111-

180 2610 183 2615 ·
210 2601 251 2634 me
267 2586 337 2648 sequi
354 2585 452 2633 videtur
468 2585 580 2634 Plinium
597 2585 726 2648 scripsisse
742 2583 800 2633 iaec
815 2583 904 2632 scilicet
921 2593 943 2632 et
964 2585 1014 2632 eius
1029 2585 1067 2633 rei
1079 2585 1165 2650 pratia
1181 2585 1333 2649 supinantur.

210 2654 311 2704 Etenim
328 2655 395 2715 apud
411 2653 522 2702 Plinium
539 2667 642 2715 quoque
659 2653 785 2715 permulta
801 2653 827 2700 in
841 2653 944 2715 optimis
956 2655 1030 2702 codd.
1048 2661 1149 2703 exstant
1164 2654 1272 2716 vestigia
1286 2668 1334 2703 uo-

211 2721 361 2770 minativum
373 2721 479 2784 pluralis
492 2721 593 2782 generis
606 2720 720 2769 feminini
734 2734 785 2769 non
798 2719 851 2779 iac,
868 2722 913 2770 sed
930 2719 1091 2782 lacessisse,
1109 2723 1144 2772 uti
1158 2723 1225 2771 enim
1238 2728 1279 2780 22,
1294 2728 1335 2771 lc.

211 2788 286 2838 VRd
299 2789 389 2851 etipsa
400 2789 504 2850 vulgata
520 2789 571 2836 hoc
583 2789 686 2847 habent,
704 2788 740 2837 ita
756 2789 832 2837 etiam
847 2793 886 2848 lo,
899 2795 938 2838 65.
955 2795 993 2850 16,
1008 2792 1064 2838 146.
1080 2794 1118 2849 17,
1131 2795 1154 2838 5.
1167 2795 1225 2839 236.
1238 2796 1279 2849 20,
1295 2792 1334 2839 7⁷.

211 2860 253 2917 22,
264 2861 304 2904 24.
316 2859 356 2906 47.
367 2861 407 2916 23,
418 2862 458 2906 34.
474 2862 529 2906 150.
543 2859 652 2916 25,.117.
665 2857 775 2919 optimus
787 2857 894 2918 quisque
907 2859 987 2907 codex
1000 2858 1106 2906 eandem
1119 2856 1229 2907 formam
1241 2864 1335 2906 tuetur.

210 2925 251 2972 De
264 2923 387 2974 Cicerone
398 2925 502 2988 primus,
515 2931 637 2986 quantum
650 2924 709 2982 scio,
722 2924 789 2972 idem
801 2925 932 2973 adnotavit
942 2925 1098 2974 Fleckeisen.
1110 2926 1136 2974 in
1148 2939 1237 2975 museo
1250 2925 1335 2974 Rhen.

214 2996 286 3042 1849.
299 3007 324 3054 p.
337 2995 385 3041 271
394 3033 424 3040 -
432 2997 496 3047 283.
504 2997 577 3042 1852.
589 3005 613 3053 p.
628 2997 685 3040 221.
705 2991 782 3051 Quod
792 3006 854 3040 vero
866 3000 956 3054 postea
967 2993 1062 3042 inserui
1074 2998 1103 3053 et,
1115 2992 1179 3042 illud
1191 2993 1335 3042 necessario
1352 3040 1357 3057 ἰ

210 3061 354 3122 requiritur,
372 3061 431 3123 qaia
448 3060 560 3122 gallinae
577 3066 643 3107 certe
655 3074 708 3108 non
721 3060 797 3108 modo
810 3060 887 3108 huius
903 3061 1080 3109 medicamenti
1092 3060 1180 3122 gratia,
1198 3061 1242 3110 sed
1260 3067 1285 3109 et
1301 3061 1336 3109 ob

211 3128 275 3177 alias
288 3141 377 3178 causas
393 3128 580 3190 saginabantur.
593 3127 725 3177 Postremo
737 3129 768 3177 de
779 3128 891 3177 numeris
903 3127 1006 3178 mutatis
1020 3125 1128 3190 pollinae
1136 3125 1179 3191 fel
1189 3136 1214 3177 et
1225 3127 1284 3176 licea
1294 3143 1336 3176 sa·

210 3244 324 3309 piaaatur
335 3261 358 3294 v.
371 3248 403 3294 ad
416 3251 456 3306 32,
470 3251 511 3295 24.
525 3286 555 3294 ..
570 3253 592 3292 et
603 3244 709 3305 adiuvat,
723 3248 747 3295 d.
766 3253 789 3294 et
799 3244 891 3305 adluat,
904 3246 937 3296 V.
956 3205 1080 3310 prodibat,
1089 3246 1121 3296 R.
1134 3287 1165 3295 ..
1178 3244 1300 3306 camara,
1311 3250 1335 3298 d.

212 3327 370 3444 admistoin.
389 3327 506 3391 admista,
519 3330 552 3378 V.
572 3370 603 3379 ..
620 3328 800 3391 saturatam.
818 3329 924 3392 solutos,
940 3332 974 3381 V.
997 3330 1106 3392 schism,
1118 3333 1163 3381 Itt
1183 3371 1212 3380 ..
1233 3331 1336 3390 ematite,

211 3398 245 3446 V.
263 3437 294 3446 ..
344 3396 408 3457 mini,
420 3397 451 3446 R.

247 3467 261 3528 ς
276 3468 332 3513 125.
343 3463 404 3526 fimi
418 3463 476 3524 eius,
492 3466 563 3516 R2d.
578 3465 666 3528 fimum
683 3465 741 3526 eius,
759 3467 836 3516 VR'.
855 3506 886 3517 ..
909 3482 1007 3529 quique,
1023 3458 1112 3517 OVR.
1132 3467 1220 3518 Omitt.
1233 3462 1283 3526 ἀβ.
1305 3508 1336 3517 .-

212 3530 339 3596 aepilopia,
357 3533 409 3582 Td.
433 3530 545 3595 epdopia,
562 3535 623 3584 VR.
645 3532 761 3597 alopecia,
784 3525 812 3584 θ.
835 3533 966 3598 aegilopas,
982 3531 1033 3598 βγ.
1055 3533 1182 3598 alopecias,
1194 3535 1283 3585 Dalcc.
1303 3576 1335 3583 ..

212 3599 334 3650 cicatrices
345 3607 367 3647 et
378 3598 508 3663 albtmmes,
519 3602 573 3651 Rd.
586 3642 617 3650 -
631 3617 722 3667 oesypo,
735 3600 841 3653 Gesner.
853 3604 911 3652 hist.
924 3604 1000 3652 anim.
1016 3609 1038 3664 1,
1050 3608 1106 3654 796.
1119 3608 1143 3663 3,
1156 3609 1211 3653 101.
1227 3606 1293 3662 152,
1302 3604 1337 3653 Κ.

213 3665 308 3732 hysopo,
320 3668 403 3717 VRd.
423 3667 530 3732 hyssopo,
542 3665 572 3730 β
591 3710 621 3718 ..
640 3670 807 3733 inunguantur,
819 3671 868 3721 Ra
886 3669 1038 3733 iauuqaatar,
1050 3671 1147 3721 VR¹a
1162 3710 1193 3720 ..
1211 3685 1263 3718 cum
1280 3669 1337 3718 mel·

214 3733 250 3792 lis,
262 3735 304 3784 R²
317 3732 403 3796 (codd.
416 3733 542 3798 Barbari).
561 3734 643 3797 mellis,
656 3738 752 3787 VR'd.
772 3779 802 3786 -
822 3736 857 3785 ad
871 3735 1012 3799 claritatem,
1025 3739 1137 3789 VRTd.
1156 3736 1191 3786 ad
1201 3736 1337 3786 claritates

213 3801 337 3863 dorcadas,
351 3806 423 3856 codd.
435 3805 551 3863 Barbari,
561 3801 590 3865 β.
610 3844 641 3853 ..
660 3804 825 3867 Hippocratis,
838 3808 910 3856 codd.
922 3807 1035 3856 Barbari.
1053 3814 1078 3855 et
1087 3805 1252 3870 Hippocratis,
1264 3807 1296 3855 Τ.
1315 3813 1338 3852 et

214 3869 311 3935 liparas,
325 3872 358 3921 V.
381 3879 404 3920 et
420 3870 523 3936 hyperis,
540 3874 593 3922 Rd.
611 3873 659 3928 His
676 3874 723 3922 sub
746 3872 897 3922 lectionibus
917 3875 981 3924 latet
1001 3889 1095 3923 nomen
1115 3874 1209 3924 medici
1228 3875 1337 3923 alicuius

213 3938 303 4000 ignoti.
323 3980 354 3989 -
378 3947 466 4003 pateat
485 3939 628 3988 auctoritate
646 3937 719 4000 admi,
740 3931 878 3992 &vasa
905 3949 930 3990 ut
947 3950 1035 4005 putant
1054 3941 1195 3992 austeritate
1214 3940 1338 3999 adiicitur,

213 4006 287 4054 codd.
299 4008 414 4066 Barbari,
425 4003 455 4067 β.
475 4047 504 4056 ..
521 4006 624 4072 pauida,
640 4000 711 4059 63¹.
730 4049 761 4058 ..
779 4007 913 4070 adseruari,
925 4011 958 4061 K.

248 4076 262 4136 §
277 4080 333 4125 126.
350 4073 497 4137 palumbium
510 4082 633 4135 turturum,
645 4076 758 4127 VRTd.
777 4084 893 4126 turturum
903 4075 1058 4140 palmatium,
1070 4073 1121 4141 βγ.
1140 4119 1171 4127 ..
1193 4074 1338 4140 perdicium,

214 4141 248 4189 V.
267 4183 297 4191 -
317 4141 436 4201 masculis,
448 4135 507 4191 OV.
528 4184 558 4192 -
582 4144 715 4206 mperpoui,
733 4139 863 4206 uultur.
881 4146 920 4195 At
935 4147 1066 4210 vulgatam
1082 4147 1235 4209 scripturam
1251 4152 1339 4194 tuetur

214 4208 290 4258 etiarn
303 4211 434 4259 Drakenb.
448 4212 480 4259 ad
491 4210 547 4259 Liv.
561 4217 601 4269 21,
616 4218 638 4261 1.
658 4252 689 4260 -
705 4210 819 4275 plenium,
832 4213 865 4262 V.
886 4254 916 4263 ..
939 4211 1065 4275 decoctam,
1077 4215 1110 4264 R.
1132 4211 1233 4274 macuto,
1253 4205 1337 4262 OVd.

214 4273 306 4325 decocto
317 4274 436 4339 sublitum,
447 4279 535 4328 Dalec.
556 4319 584 4328 ..
605 4295 642 4341 aa,
657 4271 794 4330 OVRTd.
812 4288 862 4342 aut,
873 4275 903 4342 β.
1203 4300 1206 4306 ·
