2918 4800
199 300 262 363 120
536 315 742 362 5115551515
763 313 960 362 5155511115

198 481 251 533 151
272 466 371 532 alium
392 477 424 532 51
445 465 581 532 subinde
610 465 721 531 viuum
748 466 917 531 sorbeatur
938 466 1148 550 celeriterque
1169 467 1322 534 fodiatur.

198 569 336 657 Nigrum
357 568 411 633 olii
432 578 576 635 octomon
598 578 725 647 vocant,
747 568 801 632 alii
822 566 1022 654 polyrrizon3
1049 579 1169 656 purgat
1189 592 1249 656 per
1269 570 1321 635 iu·
1335 585 1365 632 51

197 673 297 750 serua,
327 668 499 736 candidum
529 680 636 735 autem
658 669 832 737 vomitione
858 691 1035 754 causasque
1056 671 1241 737 morborum
1262 694 1320 737 ex-

197 773 303 851 trahit,
325 771 487 857 quondam
508 770 659 849 terribile,
682 781 795 855 postea
817 783 882 836 tam
903 771 1099 857 promiscum
1118 783 1156 838 ut
1177 774 1322 860 plerique

198 875 377 942 studiorum
398 873 504 960 gratia
525 873 567 938 ad
588 872 787 958 pervidenda
807 872 913 938 551155
934 895 1018 958 quae
1040 874 1324 940 coumentabantur

197 977 327 1063 saepius
341 974 608 1061 sumptitaveriut.
624 970 814 1039 Carneaden
828 997 1060 1061 responsurum
1071 975 1211 1042 Zenonis
1220 975 1323 1055 libris,
1336 990 1369 1036 55

197 1079 345 1145 Drusum
367 1100 495 1163 quoque
517 1076 605 1163 apud
625 1098 694 1153 nos,
723 1075 923 1142 tribunorum
950 1077 1154 1163 popularium
1182 1078 1323 1143 clarissi-

197 1205 296 1260 mum,
324 1178 377 1244 cui
397 1189 471 1245 ante
493 1178 598 1245 omnis
618 1176 713 1263 plebs
735 1177 867 1243 adstans
894 1178 1024 1263 plausit,
1052 1180 1226 1266 optimates
1246 1201 1324 1246 vero

198 1280 319 1346 bellurn
340 1278 521 1346 Marsicum
541 1279 741 1364 inputavere,
763 1290 889 1345 constat
908 1280 970 1346 hoc
990 1280 1221 1347 medicamento
1241 1281 1323 1347 libe·

198 1392 304 1448 ratum
325 1381 475 1447 comitiali
496 1381 607 1447 morbo
628 1381 662 1445 in
676 1380 837 1466 Anticyra
856 1381 978 1458 insula3
1000 1380 1047 1446 ibi
1063 1381 1148 1448 enim
1163 1382 1323 1448 tutissime

199 1483 347 1562 sumitur,
373 1483 535 1568 quoniam,
557 1492 595 1546 ut
616 1482 768 1560 diximus,
792 1482 986 1549 sesamoides
1007 1483 1193 1550 admiscent
1228 1483 1324 1549 Italia

199 1596 358 1651 veratrum
373 1595 476 1650 vocat.
503 1582 623 1649 Farina
643 1605 755 1650 eorum
768 1606 826 1671 per
849 1607 883 1651 se
906 1595 937 1649 51
958 1586 1059 1649 mixta
1078 1584 1239 1650 radiculae
1258 1607 1324 1669 qua

198 1687 288 1752 lanas
309 1686 448 1752 diximus
467 1685 569 1751 lavari
593 1695 848 1752 stemumeutum
868 1686 955 1765 facit,
983 1686 1143 1771 amboque
1165 1709 1323 1752 somnum.

198 1788 370 1876 Leguntur
390 1799 497 1853 autem
519 1788 725 1853 tenuissimae
745 1786 870 1852 radices
891 1787 1071 1872 brevesque
1091 1809 1131 1853 ac
1152 1788 1242 1854 velut
1262 1788 1321 1854 de·
1336 1801 1369 1848 55

199 1899 343 1954 curtatas
372 1898 404 1954 ct
428 1888 512 1953 imae
519 1913 529 1967 3
558 1910 633 1953 nam
659 1911 785 1953 summa
812 1909 896 1971 quae
923 1899 971 1954 est
997 1888 1205 1968 crassissima,
1234 1889 1324 1976 cepis

200 1988 322 2069 similis,
345 1988 479 2056 canibus
500 1999 626 2055 tantum
648 1990 744 2055 datur
764 1989 965 2078 purgationis
979 2012 1088 2056 causa.
1110 1990 1249 2075 Antiqui
1269 2012 1323 2054 ra-

199 2091 304 2157 dicem
331 2090 448 2157 cortice
475 2112 571 2175 quam
600 2090 823 2156 carnosissimo
850 2090 1045 2179 seligebant,
1077 2090 1165 2175 quod
1198 2088 1325 2156 tenuior

200 2192 392 2259 eximeretur
417 2191 573 2270 medulla3
601 2191 684 2256 hanc
711 2192 831 2258 umidis
857 2192 1011 2279 spongeis
1038 2203 1184 2279 opertam
1213 2202 1322 2274 turge-

193 2399 456 2531 fogorbcatphlllsse.
474 2398 577 2462 bibatrnr,
589 2400 643 2450 Td.
657 2439 688 2449 ..
706 2397 878 2464 celebriterque,
890 2418 913 2452 a
924 2440 955 2450 ..
965 2397 1090 2464 fodiatur,
1102 2417 1125 2451 ιι.
1143 2396 1324 2464 εθίιᾰίαων,Κ.

244 2475 313 2529 erar,
406 2504 412 2518 .

235 2532 250 2593 ξ
268 2540 308 2584 51.
331 2532 378 2584 olii
392 2540 502 2597 ecbmm,
518 2534 615 2585 Bodas.
634 2534 668 2584 sd
682 2535 812 2598 Theophr.
829 2536 888 2586 11151
904 2536 985 2599 plant
1002 2550 1028 2600 p.
1047 2540 1120 2586 loos.
1142 2533 1189 2584 olii
1203 2549 1323 2598 sammon,

201 2600 275 2652 rao.
293 2600 368 2650 alsam
380 2617 498 2668 uocymm,
509 2603 544 2652 V.
562 2600 614 2651 alisi
624 2601 737 2663 common,
748 2603 780 2652 B.
798 2600 844 2651 alii
853 2610 967 2658 entomon,
978 2598 1009 2664 β.
1028 2642 1059 2652 ..
1075 2601 1196 2666 poliriton,
1207 2602 1271 2652 VR
1290 2640 1323 2650 -

201 2667 303 2730 interna,
315 2671 339 2720 d.
352 2709 384 2719 -
396 2669 509 2730 oomnine,
521 2669 584 2720 vlt
594 2706 626 2720 ..
636 2668 800 2734 promiscum
813 2671 858 2720 ad.
872 2669 1043 2733 praesumam,
1056 2670 1080 2719 B
1091 2667 1171 2732 (unde
1180 2668 1324 2733 promiscam

201 2735 309 2801 scripsi),
323 2737 486 2852 5155355551,
497 2737 531 2788 V.
544 2777 576 2788 ...
586 2735 759 2801 praevidenda,
772 2736 1093 2800 VR-mmtimvumtd.
1104 2736 1325 2798 sumtitaoorunta.

200 2803 374 2866 titubaverint,
413 2841 419 2854 .
436 2804 638 2867 sammitoocrtmt,
650 2805 713 2856 VB.

235 2906 302 2967 §⁵2
329 2900 476 2966 omnen,
492 2905 545 2956 ua
576 2883 721 2966 5515551,
737 2905 769 2955 n
799 2903 952 2966 amaon,
969 2900 1040 2971 ner.
1065 2906 1104 2956 51
1120 2907 1182 2970 qno
1197 2913 1236 2956 eu
1250 2905 1324 2966 mun,

201 2971 272 3034 quod
282 2971 382 3024 Plinius
397 2980 483 3024 551151
494 2971 643 3023 0515551155
661 2984 841 3038 responsurum
857 2975 967 3024 Zenonis
982 2973 1052 3024 libris
1069 2975 1119 3023 hoc
1135 2974 1324 3024 medicamento

202 3037 307 3087 ellebori
315 3038 449 3089 liberatum
461 3054 516 3091 5555
528 3041 649 3091 comitioli
661 3043 750 3090 morbo
761 3042 789 3089 in
799 3041 924 3105 Anticyra
935 3042 1035 3092 insulsi
1053 3041 1132 3092 Nulla
1146 3043 1244 3092 ratione
1259 3041 1325 3090 haec

201 3105 249 3155 sibi
262 3114 380 3156 constant
392 3114 417 3157 51
428 3107 509 3170 longo
520 3107 572 3157 5115
582 3117 685 3158 narrant
697 3107 763 3158 Gall.
775 3113 814 3169 17,
827 3114 875 3170 15,
887 3109 930 3172 qni
943 3123 980 3166 ea,
994 3123 1058 3171 quae
1069 3109 1167 3160 Plinius
1179 3110 1206 3158 in
1217 3109 1266 3157 hac
1278 3123 1324 3171 ps-

200 3174 328 3238 ragrspho
340 3174 424 3235 1151111,
436 3174 538 3226 uberius
550 3174 664 3239 exponit,
678 3184 703 3225 51
711 3176 798 3225 valer.
807 3175 938 3226 Maximus
947 3176 1022 3227 VIII.
1033 3181 1055 3228 7.
1065 3185 1116 3226 ext
1128 3183 1151 3226 5.
1168 3177 1269 3226 Horum
1280 3175 1324 3224 ille

200 3241 264 3290 11555
277 3241 364 3291 habet:
390 3239 526 3291 Carneades
541 3240 691 3292 academicus
706 3241 839 3306 scripturus
855 3241 969 3291 5115515115
988 3242 1057 3292 obici
1073 3243 1178 3292 Zenonis
1196 3241 1324 3292 111555511-

198 3306 320 3371 periurae
365 3308 412 3359 oris
424 3307 522 3359 elleboro
534 3307 637 3359 madido
647 3310 769 3374 purpavit,
787 3326 815 3358 ne
831 3308 891 3374 quid
905 3326 935 3359 ee
946 3309 1064 3374 corruptis
1075 3309 1100 3359 in
1111 3309 1231 3360 5151155115
1243 3309 1324 3359 bomo

200 3375 266 3424 ribus
282 3373 318 3424 ad
386 3374 452 3426 icilr’a
468 3393 496 3426 ns
513 3393 541 3426 ue
558 3376 636 3427 animi
650 3375 795 3427 redundaret
810 3385 833 3426 et
849 3377 986 3426 instantiam
1003 3377 1149 3442 oiporemque
1165 3377 1323 3427 155511ςὶ5115-

164 3442 170 3448 ’
193 3442 298 3506 faceret,
316 3444 360 3494 hic
372 3453 469 3495 autem:
488 3394 625 3494 domoodes
640 3461 691 3495 cum
711 3442 842 3510 Chrysippo
858 3443 1023 3509 dbpamtarm
1038 3443 1139 3493 elleboro
1153 3461 1179 3494 se
1195 3453 1251 3494 ante
1263 3461 1324 3509 par-

199 3511 276 3573 pabat
293 3509 329 3559 ad
348 3509 524 3576 exprimendam
544 3528 611 3561 summ
626 3511 745 3576 inperium
762 3511 912 3561 attentiore!
931 3510 995 3561 illius
1010 3510 1164 3575 refellendam
1184 3512 1272 3561 acrius.
1295 3512 1324 3563 Si

200 3593 253 3628 non
270 3579 326 3642 ipsa
341 3593 376 3640 re,
394 3587 422 3629 51
438 3587 505 3630 certe
522 3581 563 3630 his
578 3581 708 3645 utriusque
725 3581 853 3644 scriptoris
865 3580 947 3630 verbis
958 3594 1039 3644 paene
1051 3580 1121 3629 inviti
1133 3588 1243 3630 51515515
1255 3580 1324 3642 cogi-

201 3660 258 3695 mur
273 3646 399 3696 nouunlla
420 3647 446 3696 h.
464 3648 482 3696 1
500 3648 632 3725 excidisse,
655 3655 681 3698 51
702 3648 815 3698 Plinium
835 3646 887 3696 fero
909 3647 1039 3725 scripsisse
1059 3662 1163 3698 censeo:
1184 3644 1324 3725 Gprneqdcn

201 3711 1325 3845 utrumn.“turbusttttlffltbt‘tittttrttttttt

202 3849 283 3898 oculis
300 3849 351 3899 suis
367 3849 399 3899 ab
416 3864 483 3897 usam
499 3849 530 3897 sd
548 3848 655 3899 Drinum
671 3850 805 3910 aberravit,
826 3851 894 3899 unde
915 3849 980 3899 11555
994 3849 1089 3899 laeuus
1103 3850 1169 3900 sicut
1184 3849 1325 3913 permultae

201 3915 267 3965 51155
279 3923 317 3965 551
328 3923 391 3967 orta
403 3957 434 3966 -
448 3916 600 3978 tribunorum,
613 3918 658 3966 sd
678 3915 739 3965 111115
751 3914 849 3978 (1111515
861 3914 945 3979 erasa)
957 3932 1020 3978 num,
1031 3917 1065 3967 V.
1079 3915 1135 3977 trrb5
1146 3932 1237 3977 narum,
1247 3916 1279 3965 R
1291 3956 1322 3965 ..

203 3998 281 4031 omnes
289 3980 357 4047 plebs
367 3991 435 4032 stans
442 3981 542 4047 plausit,
552 3983 684 4048 5511515155,
693 3979 755 4049 asty
767 3983 828 4047 (uisi
838 3986 907 4048 quod
921 4000 968 4048 pro
982 3984 1071 4036 ultimo
1081 3999 1146 4035 roco
1155 3988 1211 4034 cod.
1223 3983 1325 4033 51151151

202 4081 311 4145 oblatos).
334 4082 409 4132 omnis
422 4061 500 4147 pla⁶et
520 4084 713 4150 arstanepltousit
733 4084 881 4146 labrinacum,
899 4086 933 4134 V.
955 4101 1033 4134 omnes
1051 4084 1139 4151 pliqas
1154 4083 1326 4148 storcpbousit

202 4149 332 4212 optimates,
349 4152 381 4200 ll.
403 4167 480 4200 omncs
494 4151 547 4217 ples
562 4160 645 4202 astans
657 4152 748 4217 plausit
765 4152 896 4217 optimates,
909 4154 933 4202 d.
956 4156 998 4204 Ex
1014 4154 1037 4203 Τ
1053 4161 1182 4203 555151551
1197 4152 1264 4215 plebs
1280 4149 1324 4199 od·

201 4225 275 4280 stans,
298 4219 366 4281 quod
383 4232 441 4268 cum
458 4235 491 4270 cx
508 4220 557 4270 hoc
573 4222 647 4283 libro,
670 4229 724 4272 tum
741 4237 774 4272 ex
790 4221 903 4284 vestigiis
916 4229 1059 4272 cetororum
1075 4222 1167 4286 recepi,
1184 4221 1210 4269 in
1226 4221 1324 4279 ceteris,

202 4293 231 4334 51
242 4299 288 4349 par
299 4294 360 4347 crat,
372 4286 496 4350 scriptura
511 4287 615 4352 vulgata
631 4297 735 4341 cotonea
754 4286 861 4338 Abram
873 4301 908 4339 55.
919 4289 1006 4340 Druso
1018 4303 1066 4352 pro
1078 4290 1164 4339 rostris
1175 4287 1323 4338 concionem
