<?xml version="1.0" encoding="UTF-8"?>
<!DOCTYPE html PUBLIC "-//W3C//DTD XHTML 1.0 Transitional//EN"
    "http://www.w3.org/TR/xhtml1/DTD/xhtml1-transitional.dtd">
<html xmlns="http://www.w3.org/1999/xhtml" xml:lang="en" lang="en">
 <head>
  <title>
</title>
<meta http-equiv="Content-Type" content="text/html;charset=utf-8" />
  <meta name='ocr-system' content='tesseract 3.04.00' />
  <meta name='ocr-capabilities' content='ocr_page ocr_carea ocr_par ocr_line ocrx_word'/>
</head>
<body>
  <div class='ocr_page' id='page_1' title='image "./cplinisecundina10plingoog_0184.png"; bbox 0 0 2918 4800; ppageno 0'>
   <div class='ocr_carea' id='block_1_1' title="bbox 350 300 1265 364">
    <p class='ocr_par' dir='ltr' id='par_1_1' title="bbox 350 300 1265 364">
     <span class='ocr_line' id='line_1_1' title="bbox 350 300 1265 364; baseline 0.001 -2"><span class='ocrx_word' id='word_1_1' title='bbox 350 318 421 363; x_wconf 80' lang='lat' dir='ltr'>nia.</span> <span class='ocrx_word' id='word_1_2' title='bbox 439 317 538 363; x_wconf 85' lang='lat' dir='ltr'>xxvi.</span> <span class='ocrx_word' id='word_1_3' title='bbox 569 315 646 362; x_wconf 75' lang='lat' dir='ltr'>oar.</span> <span class='ocrx_word' id='word_1_4' title='bbox 663 317 725 364; x_wconf 83' lang='lat' dir='ltr'>vii.</span> <span class='ocrx_word' id='word_1_5' title='bbox 742 317 817 364; x_wconf 86' lang='lat' dir='ltr'>vin.</span> <span class='ocrx_word' id='word_1_6' title='bbox 848 315 945 364; x_wconf 83' lang='lat' dir='ltr'>sscr.</span> <span class='ocrx_word' id='word_1_7' title='bbox 961 317 1044 362; x_wconf 63' lang='lat' dir='ltr'>mna</span> <span class='ocrx_word' id='word_1_8' title='bbox 1203 300 1265 364; x_wconf 82' lang='lat'>173</span> 
     </span>
    </p>
   </div>
   <div class='ocr_carea' id='block_1_2' title="bbox 139 467 1376 2381">
    <p class='ocr_par' dir='ltr' id='par_1_2' title="bbox 139 467 1376 2381">
     <span class='ocr_line' id='line_1_2' title="bbox 182 467 1311 554; baseline -0.003 -19"><span class='ocrx_word' id='word_1_9' title='bbox 182 468 279 535; x_wconf 91' lang='lat' dir='ltr'><strong>VIII.</strong></span> <span class='ocrx_word' id='word_1_10' title='bbox 309 471 360 534; x_wconf 75' lang='lat'>28.</span> <span class='ocrx_word' id='word_1_11' title='bbox 387 468 576 534; x_wconf 92' lang='lat' dir='ltr'>Plurumum</span> <span class='ocrx_word' id='word_1_12' title='bbox 601 480 706 534; x_wconf 88' lang='lat' dir='ltr'>tamen</span> <span class='ocrx_word' id='word_1_13' title='bbox 729 468 849 533; x_wconf 91' lang='lat' dir='ltr'>homini</span> <span class='ocrx_word' id='word_1_14' title='bbox 878 467 989 554; x_wconf 87' lang='lat' dir='ltr'>negoti</span> <span class='ocrx_word' id='word_1_15' title='bbox 1011 467 1100 533; x_wconf 88' lang='lat' dir='ltr'>alvos</span> <span class='ocrx_word' id='word_1_16' title='bbox 1123 467 1264 548; x_wconf 89' lang='lat' dir='ltr'>exhibet,</span> <span class='ocrx_word' id='word_1_17' title='bbox 1278 486 1311 532; x_wconf 76' lang='grc'><strong>43</strong></span> 
     </span>
     <span class='ocr_line' id='line_1_3' title="bbox 139 567 1266 657; baseline -0.003 -19"><span class='ocrx_word' id='word_1_18' title='bbox 139 572 231 638; x_wconf 91' lang='lat' dir='ltr'>cuius</span> <span class='ocrx_word' id='word_1_19' title='bbox 253 593 350 637; x_wconf 89' lang='lat' dir='ltr'>causa</span> <span class='ocrx_word' id='word_1_20' title='bbox 371 570 472 636; x_wconf 90' lang='lat' dir='ltr'>maior</span> <span class='ocrx_word' id='word_1_21' title='bbox 492 593 567 657; x_wconf 91' lang='lat' dir='ltr'>pars</span> <span class='ocrx_word' id='word_1_22' title='bbox 589 570 769 635; x_wconf 85' lang='lat' dir='ltr'><strong>mortalium</strong></span> <span class='ocrx_word' id='word_1_23' title='bbox 784 569 864 634; x_wconf 89' lang='lat' dir='ltr'>vivit</span> <span class='ocrx_word' id='word_1_24' title='bbox 871 594 879 645; x_wconf 91' lang='lat'>;</span> <span class='ocrx_word' id='word_1_25' title='bbox 903 569 981 634; x_wconf 90' lang='lat' dir='ltr'>alias</span> <span class='ocrx_word' id='word_1_26' title='bbox 997 570 1081 634; x_wconf 91' lang='lat' dir='ltr'>enirn</span> <span class='ocrx_word' id='word_1_27' title='bbox 1098 567 1187 635; x_wconf 91' lang='lat' dir='ltr'>cibos</span> <span class='ocrx_word' id='word_1_28' title='bbox 1202 593 1266 636; x_wconf 91' lang='lat' dir='ltr'>non</span> 
     </span>
     <span class='ocr_line' id='line_1_4' title="bbox 140 670 1264 757; baseline -0.002 -19"><span class='ocrx_word' id='word_1_29' title='bbox 140 672 336 752; x_wconf 82' lang='lat' dir='ltr'><strong>transmittit,</strong></span> <span class='ocrx_word' id='word_1_30' title='bbox 360 673 439 738; x_wconf 91' lang='lat' dir='ltr'>alias</span> <span class='ocrx_word' id='word_1_31' title='bbox 461 696 524 738; x_wconf 91' lang='lat' dir='ltr'>non</span> <span class='ocrx_word' id='word_1_32' title='bbox 547 673 698 751; x_wconf 89' lang='lat' dir='ltr'>continet,</span> <span class='ocrx_word' id='word_1_33' title='bbox 722 672 801 737; x_wconf 88' lang='lat' dir='ltr'>alias</span> <span class='ocrx_word' id='word_1_34' title='bbox 815 694 879 736; x_wconf 91' lang='lat' dir='ltr'>non</span> <span class='ocrx_word' id='word_1_35' title='bbox 895 671 991 757; x_wconf 80' lang='lat' dir='ltr'>capit,</span> <span class='ocrx_word' id='word_1_36' title='bbox 1014 670 1093 736; x_wconf 91' lang='lat' dir='ltr'>alias</span> <span class='ocrx_word' id='word_1_37' title='bbox 1107 693 1171 736; x_wconf 92' lang='lat' dir='ltr'>non</span> <span class='ocrx_word' id='word_1_38' title='bbox 1187 694 1264 737; x_wconf 92' lang='lat' dir='ltr'>con-</span> 
     </span>
     <span class='ocr_line' id='line_1_5' title="bbox 139 772 1266 860; baseline -0.002 -20"><span class='ocrx_word' id='word_1_39' title='bbox 139 775 218 855; x_wconf 90' lang='lat' dir='ltr'>ficit,</span> <span class='ocrx_word' id='word_1_40' title='bbox 243 797 345 860; x_wconf 92' lang='lat' dir='ltr'>eoque</span> <span class='ocrx_word' id='word_1_41' title='bbox 366 796 471 839; x_wconf 92' lang='lat' dir='ltr'>mores</span> <span class='ocrx_word' id='word_1_42' title='bbox 493 796 609 839; x_wconf 85' lang='lat' dir='ltr'>venere</span> <span class='ocrx_word' id='word_1_43' title='bbox 630 785 666 839; x_wconf 89' lang='lat' dir='ltr'>ut</span> <span class='ocrx_word' id='word_1_44' title='bbox 681 775 776 839; x_wconf 92' lang='lat' dir='ltr'>homo</span> <span class='ocrx_word' id='word_1_45' title='bbox 790 795 939 838; x_wconf 84' lang='lat' dir='ltr'><strong>maxume</strong></span> <span class='ocrx_word' id='word_1_46' title='bbox 955 772 1026 837; x_wconf 93' lang='lat' dir='ltr'>cibo</span> <span class='ocrx_word' id='word_1_47' title='bbox 1041 783 1162 859; x_wconf 88' lang='lat' dir='ltr'>pereat.</span> <span class='ocrx_word' id='word_1_48' title='bbox 1185 772 1266 838; x_wconf 90' lang='lat' dir='ltr'>Pes·</span> 
     </span>
     <span class='ocr_line' id='line_1_6' title="bbox 141 875 1266 962; baseline -0.004 -19"><span class='ocrx_word' id='word_1_49' title='bbox 141 878 256 943; x_wconf 90' lang='lat' dir='ltr'>simum</span> <span class='ocrx_word' id='word_1_50' title='bbox 278 898 448 962; x_wconf 90' lang='lat' dir='ltr'>corporum</span> <span class='ocrx_word' id='word_1_51' title='bbox 463 898 520 941; x_wconf 85' lang='lat' dir='ltr'>vas</span> <span class='ocrx_word' id='word_1_52' title='bbox 534 875 632 941; x_wconf 88' lang='lat' dir='ltr'>instat</span> <span class='ocrx_word' id='word_1_53' title='bbox 654 886 692 940; x_wconf 90' lang='lat' dir='ltr'>ut</span> <span class='ocrx_word' id='word_1_54' title='bbox 705 875 844 942; x_wconf 87' lang='lat' dir='ltr'>creditor</span> <span class='ocrx_word' id='word_1_55' title='bbox 859 887 891 940; x_wconf 92' lang='lat' dir='ltr'>et</span> <span class='ocrx_word' id='word_1_56' title='bbox 905 875 1032 961; x_wconf 90' lang='lat' dir='ltr'>saepius</span> <span class='ocrx_word' id='word_1_57' title='bbox 1047 875 1099 940; x_wconf 92' lang='lat' dir='ltr'>die</span> <span class='ocrx_word' id='word_1_58' title='bbox 1115 875 1266 961; x_wconf 88' lang='lat' dir='ltr'>appellat.</span> 
     </span>
     <span class='ocr_line' id='line_1_7' title="bbox 142 976 1265 1067; baseline -0.004 -23"><span class='ocrx_word' id='word_1_59' title='bbox 142 979 251 1044; x_wconf 92' lang='lat' dir='ltr'>Huius</span> <span class='ocrx_word' id='word_1_60' title='bbox 273 977 379 1067; x_wconf 83' lang='lat' dir='ltr'>gratia</span> <span class='ocrx_word' id='word_1_61' title='bbox 400 978 573 1063; x_wconf 83' lang='lat' dir='ltr'>praecipue</span> <span class='ocrx_word' id='word_1_62' title='bbox 595 977 729 1042; x_wconf 88' lang='lat' dir='ltr'>avaritia</span> <span class='ocrx_word' id='word_1_63' title='bbox 750 977 883 1063; x_wconf 86' lang='lat' dir='ltr'>expetit,</span> <span class='ocrx_word' id='word_1_64' title='bbox 905 976 980 1041; x_wconf 90' lang='lat' dir='ltr'>huic</span> <span class='ocrx_word' id='word_1_65' title='bbox 996 976 1125 1043; x_wconf 87' lang='lat' dir='ltr'>luxuria</span> <span class='ocrx_word' id='word_1_66' title='bbox 1147 976 1265 1055; x_wconf 88' lang='lat' dir='ltr'>condit,</span> 
     </span>
     <span class='ocr_line' id='line_1_8' title="bbox 140 1077 1265 1168; baseline -0.002 -24"><span class='ocrx_word' id='word_1_67' title='bbox 140 1081 216 1146; x_wconf 91' lang='lat' dir='ltr'>huic</span> <span class='ocrx_word' id='word_1_68' title='bbox 236 1081 408 1168; x_wconf 83' lang='lat' dir='ltr'>navigatur</span> <span class='ocrx_word' id='word_1_69' title='bbox 430 1079 472 1143; x_wconf 88' lang='lat' dir='ltr'>ad</span> <span class='ocrx_word' id='word_1_70' title='bbox 494 1078 638 1158; x_wconf 82' lang='lat' dir='ltr'>Phasim,</span> <span class='ocrx_word' id='word_1_71' title='bbox 666 1078 741 1144; x_wconf 92' lang='lat' dir='ltr'>huic</span> <span class='ocrx_word' id='word_1_72' title='bbox 763 1077 915 1164; x_wconf 87' lang='lat' dir='ltr'>profundi</span> <span class='ocrx_word' id='word_1_73' title='bbox 937 1078 1021 1143; x_wconf 84' lang='lat' dir='ltr'>vada</span> <span class='ocrx_word' id='word_1_74' title='bbox 1042 1079 1265 1163; x_wconf 90' lang='lat' dir='ltr'>exquiruntur,</span> 
     </span>
     <span class='ocr_line' id='line_1_9' title="bbox 141 1178 1266 1257; baseline -0.002 -10"><span class='ocrx_word' id='word_1_75' title='bbox 141 1193 174 1247; x_wconf 89' lang='lat' dir='ltr'>et</span> <span class='ocrx_word' id='word_1_76' title='bbox 202 1201 295 1246; x_wconf 91' lang='lat' dir='ltr'>nemo</span> <span class='ocrx_word' id='word_1_77' title='bbox 324 1180 478 1246; x_wconf 89' lang='lat' dir='ltr'>vilitatem</span> <span class='ocrx_word' id='word_1_78' title='bbox 508 1179 577 1246; x_wconf 92' lang='lat' dir='ltr'>eius</span> <span class='ocrx_word' id='word_1_79' title='bbox 604 1190 762 1245; x_wconf 81' lang='lat' dir='ltr'>aestumat</span> <span class='ocrx_word' id='word_1_80' title='bbox 788 1178 1070 1245; x_wconf 90' lang='lat' dir='ltr'>consummationis</span> <span class='ocrx_word' id='word_1_81' title='bbox 1098 1179 1249 1245; x_wconf 86' lang='lat' dir='ltr'>foeditate</span> <span class='ocrx_word' id='word_1_82' title='bbox 1256 1204 1266 1257; x_wconf 93' lang='lat'>;</span> 
     </span>
     <span class='ocr_line' id='line_1_10' title="bbox 141 1279 1314 1371; baseline -0.005 -23"><span class='ocrx_word' id='word_1_83' title='bbox 141 1304 219 1371; x_wconf 84' lang='lat' dir='ltr'>ergo</span> <span class='ocrx_word' id='word_1_84' title='bbox 246 1281 508 1347; x_wconf 88' lang='lat' dir='ltr'>numerosissima</span> <span class='ocrx_word' id='word_1_85' title='bbox 534 1293 583 1346; x_wconf 91' lang='lat' dir='ltr'>est</span> <span class='ocrx_word' id='word_1_86' title='bbox 611 1282 697 1346; x_wconf 90' lang='lat' dir='ltr'>circa</span> <span class='ocrx_word' id='word_1_87' title='bbox 717 1280 801 1346; x_wconf 92' lang='lat' dir='ltr'>hanc</span> <span class='ocrx_word' id='word_1_88' title='bbox 827 1281 1003 1346; x_wconf 83' lang='lat' dir='ltr'>medicinae</span> <span class='ocrx_word' id='word_1_89' title='bbox 1032 1303 1137 1363; x_wconf 88' lang='lat' dir='ltr'>opera.</span> <span class='ocrx_word' id='word_1_90' title='bbox 1174 1279 1268 1346; x_wconf 85' lang='lat' dir='ltr'>Sistit</span> <span class='ocrx_word' id='word_1_91' title='bbox 1281 1298 1314 1342; x_wconf 92' lang='grc'>44</span> 
     </span>
     <span class='ocr_line' id='line_1_11' title="bbox 143 1381 1266 1469; baseline -0.003 -18"><span class='ocrx_word' id='word_1_92' title='bbox 143 1407 213 1451; x_wconf 89' lang='lat' dir='ltr'>eam</span> <span class='ocrx_word' id='word_1_93' title='bbox 235 1382 392 1450; x_wconf 79' lang='lat' dir='ltr'>scordotis</span> <span class='ocrx_word' id='word_1_94' title='bbox 406 1405 520 1448; x_wconf 91' lang='lat' dir='ltr'>recens</span> <span class='ocrx_word' id='word_1_95' title='bbox 535 1382 687 1448; x_wconf 89' lang='lat' dir='ltr'>drachma</span> <span class='ocrx_word' id='word_1_96' title='bbox 702 1405 775 1448; x_wconf 94' lang='lat' dir='ltr'>cum</span> <span class='ocrx_word' id='word_1_97' title='bbox 789 1383 865 1448; x_wconf 88' lang='lat' dir='ltr'>vino</span> <span class='ocrx_word' id='word_1_98' title='bbox 880 1382 953 1446; x_wconf 89' lang='lat' dir='ltr'>trita</span> <span class='ocrx_word' id='word_1_99' title='bbox 966 1381 1019 1448; x_wconf 88' lang='lat' dir='ltr'>vel</span> <span class='ocrx_word' id='word_1_100' title='bbox 1033 1382 1163 1447; x_wconf 89' lang='lat' dir='ltr'>decocta</span> <span class='ocrx_word' id='word_1_101' title='bbox 1177 1394 1266 1469; x_wconf 91' lang='lat' dir='ltr'>potu.</span> 
     </span>
     <span class='ocr_line' id='line_1_12' title="bbox 140 1482 1269 1570; baseline -0.003 -19"><span class='ocrx_word' id='word_1_102' title='bbox 140 1485 330 1553; x_wconf 89' lang='lat' dir='ltr'>Polemonia</span> <span class='ocrx_word' id='word_1_103' title='bbox 350 1505 480 1569; x_wconf 90' lang='lat' dir='ltr'>quoque</span> <span class='ocrx_word' id='word_1_104' title='bbox 501 1484 704 1570; x_wconf 88' lang='lat' dir='ltr'>dysintericis</span> <span class='ocrx_word' id='word_1_105' title='bbox 727 1506 768 1549; x_wconf 87' lang='lat' dir='ltr'>ex</span> <span class='ocrx_word' id='word_1_106' title='bbox 789 1483 862 1550; x_wconf 90' lang='lat' dir='ltr'>vino</span> <span class='ocrx_word' id='word_1_107' title='bbox 885 1484 991 1561; x_wconf 90' lang='lat' dir='ltr'>datur,</span> <span class='ocrx_word' id='word_1_108' title='bbox 1013 1482 1161 1550; x_wconf 88' lang='lat' dir='ltr'>verbasci</span> <span class='ocrx_word' id='word_1_109' title='bbox 1175 1485 1269 1548; x_wconf 83' lang='lat' dir='ltr'>radix</span> 
     </span>
     <span class='ocr_line' id='line_1_13' title="bbox 142 1585 1269 1675; baseline 0 -23"><span class='ocrx_word' id='word_1_110' title='bbox 142 1598 219 1675; x_wconf 90' lang='lat' dir='ltr'>pota</span> <span class='ocrx_word' id='word_1_111' title='bbox 247 1609 287 1652; x_wconf 92' lang='lat' dir='ltr'>ex</span> <span class='ocrx_word' id='word_1_112' title='bbox 315 1609 401 1672; x_wconf 89' lang='lat' dir='ltr'>aqua</span> <span class='ocrx_word' id='word_1_113' title='bbox 428 1587 565 1651; x_wconf 88' lang='lat' dir='ltr'>duorum</span> <span class='ocrx_word' id='word_1_114' title='bbox 593 1585 770 1672; x_wconf 86' lang='lat' dir='ltr'>digitorum</span> <span class='ocrx_word' id='word_1_115' title='bbox 797 1585 1034 1671; x_wconf 82' lang='lat' dir='ltr'>magnitudine,</span> <span class='ocrx_word' id='word_1_116' title='bbox 1069 1586 1269 1671; x_wconf 86' lang='lat' dir='ltr'>nymphaeae</span> 
     </span>
     <span class='ocr_line' id='line_1_14' title="bbox 141 1686 1269 1774; baseline 0.001 -22"><span class='ocrx_word' id='word_1_117' title='bbox 141 1687 300 1753; x_wconf 85' lang='lat' dir='ltr'>heracliae</span> <span class='ocrx_word' id='word_1_118' title='bbox 329 1709 436 1752; x_wconf 90' lang='lat' dir='ltr'>semen</span> <span class='ocrx_word' id='word_1_119' title='bbox 466 1710 539 1752; x_wconf 90' lang='lat' dir='ltr'>curn</span> <span class='ocrx_word' id='word_1_120' title='bbox 566 1687 641 1752; x_wconf 84' lang='lat' dir='ltr'>vino</span> <span class='ocrx_word' id='word_1_121' title='bbox 670 1698 799 1773; x_wconf 89' lang='lat' dir='ltr'>potum,</span> <span class='ocrx_word' id='word_1_122' title='bbox 827 1686 922 1751; x_wconf 85' lang='lat' dir='ltr'>radix</span> <span class='ocrx_word' id='word_1_123' title='bbox 951 1686 1097 1771; x_wconf 88' lang='lat' dir='ltr'>superior</span> <span class='ocrx_word' id='word_1_124' title='bbox 1120 1709 1137 1751; x_wconf 92' lang='lat' dir='ltr'>e</span> <span class='ocrx_word' id='word_1_125' title='bbox 1158 1688 1269 1774; x_wconf 88' lang='lat' dir='ltr'>xiphio</span> 
     </span>
     <span class='ocr_line' id='line_1_15' title="bbox 142 1787 1269 1876; baseline -0.001 -22"><span class='ocrx_word' id='word_1_126' title='bbox 142 1789 315 1855; x_wconf 90' lang='lat' dir='ltr'>drachmae</span> <span class='ocrx_word' id='word_1_127' title='bbox 337 1789 479 1876; x_wconf 90' lang='lat' dir='ltr'>pondere</span> <span class='ocrx_word' id='word_1_128' title='bbox 501 1811 541 1854; x_wconf 91' lang='lat' dir='ltr'>ex</span> <span class='ocrx_word' id='word_1_129' title='bbox 563 1800 665 1868; x_wconf 89' lang='lat' dir='ltr'>aceto,</span> <span class='ocrx_word' id='word_1_130' title='bbox 689 1811 796 1854; x_wconf 90' lang='lat' dir='ltr'>semen</span> <span class='ocrx_word' id='word_1_131' title='bbox 810 1787 1006 1874; x_wconf 85' lang='lat' dir='ltr'>plantaginis</span> <span class='ocrx_word' id='word_1_132' title='bbox 1020 1789 1054 1852; x_wconf 91' lang='lat' dir='ltr'>in</span> <span class='ocrx_word' id='word_1_133' title='bbox 1067 1787 1144 1853; x_wconf 88' lang='lat' dir='ltr'>vino</span> <span class='ocrx_word' id='word_1_134' title='bbox 1159 1790 1269 1853; x_wconf 90' lang='lat' dir='ltr'>tritum</span> 
     </span>
     <span class='ocr_line' id='line_1_16' title="bbox 145 1889 1270 1976; baseline -0.002 -20"><span class='ocrx_word' id='word_1_135' title='bbox 145 1890 198 1956; x_wconf 89' lang='lat' dir='ltr'>vel</span> <span class='ocrx_word' id='word_1_136' title='bbox 218 1890 291 1976; x_wconf 89' lang='lat' dir='ltr'>ipsa</span> <span class='ocrx_word' id='word_1_137' title='bbox 313 1912 354 1955; x_wconf 92' lang='lat' dir='ltr'>ex</span> <span class='ocrx_word' id='word_1_138' title='bbox 375 1901 467 1957; x_wconf 92' lang='lat' dir='ltr'>aceto</span> <span class='ocrx_word' id='word_1_139' title='bbox 490 1901 581 1957; x_wconf 89' lang='lat' dir='ltr'>cocta</span> <span class='ocrx_word' id='word_1_140' title='bbox 602 1901 659 1954; x_wconf 91' lang='lat' dir='ltr'>aut</span> <span class='ocrx_word' id='word_1_141' title='bbox 680 1890 763 1956; x_wconf 88' lang='lat' dir='ltr'>alica</span> <span class='ocrx_word' id='word_1_142' title='bbox 786 1913 825 1956; x_wconf 91' lang='lat' dir='ltr'>ex</span> <span class='ocrx_word' id='word_1_143' title='bbox 849 1911 927 1954; x_wconf 90' lang='lat' dir='ltr'>suco</span> <span class='ocrx_word' id='word_1_144' title='bbox 942 1889 1012 1954; x_wconf 90' lang='lat' dir='ltr'>cius</span> <span class='ocrx_word' id='word_1_145' title='bbox 1030 1899 1169 1976; x_wconf 90' lang='lat' dir='ltr'>sumpta,</span> <span class='ocrx_word' id='word_1_146' title='bbox 1191 1890 1270 1954; x_wconf 90' lang='lat' dir='ltr'>item</span> 
     </span>
     <span class='ocr_line' id='line_1_17' title="bbox 144 1991 1270 2077; baseline -0.001 -21"><span class='ocrx_word' id='word_1_147' title='bbox 144 2013 217 2056; x_wconf 93' lang='lat' dir='ltr'>cum</span> <span class='ocrx_word' id='word_1_148' title='bbox 238 1992 389 2058; x_wconf 90' lang='lat' dir='ltr'>lenticula</span> <span class='ocrx_word' id='word_1_149' title='bbox 416 2002 506 2059; x_wconf 89' lang='lat' dir='ltr'>cocta</span> <span class='ocrx_word' id='word_1_150' title='bbox 531 1992 584 2058; x_wconf 81' lang='lat' dir='ltr'>vel</span> <span class='ocrx_word' id='word_1_151' title='bbox 612 1992 722 2058; x_wconf 88' lang='lat' dir='ltr'>aridae</span> <span class='ocrx_word' id='word_1_152' title='bbox 750 1992 855 2056; x_wconf 82' lang='lat' dir='ltr'>farina</span> <span class='ocrx_word' id='word_1_153' title='bbox 883 1992 1029 2077; x_wconf 90' lang='lat' dir='ltr'>inspersa</span> <span class='ocrx_word' id='word_1_154' title='bbox 1049 1991 1173 2077; x_wconf 89' lang='lat' dir='ltr'>potioni</span> <span class='ocrx_word' id='word_1_155' title='bbox 1197 2013 1270 2056; x_wconf 92' lang='lat' dir='ltr'>cum</span> 
     </span>
     <span class='ocr_line' id='line_1_18' title="bbox 143 2093 1269 2181; baseline -0.001 -22"><span class='ocrx_word' id='word_1_156' title='bbox 143 2116 304 2181; x_wconf 89' lang='lat' dir='ltr'>papavere</span> <span class='ocrx_word' id='word_1_157' title='bbox 326 2105 410 2159; x_wconf 89' lang='lat' dir='ltr'>tosto</span> <span class='ocrx_word' id='word_1_158' title='bbox 434 2106 466 2159; x_wconf 91' lang='lat' dir='ltr'>et</span> <span class='ocrx_word' id='word_1_159' title='bbox 488 2104 501 2158; x_wconf 98' lang='lat' dir='ltr'>t</span> <span class='ocrx_word' id='word_1_160' title='bbox 520 2093 562 2158; x_wconf 86' lang='lat' dir='ltr'>&#39;to</span> <span class='ocrx_word' id='word_1_161' title='bbox 584 2093 636 2159; x_wconf 84' lang='lat' dir='ltr'>vel</span> <span class='ocrx_word' id='word_1_162' title='bbox 658 2116 754 2158; x_wconf 90' lang='lat' dir='ltr'>sucus</span> <span class='ocrx_word' id='word_1_163' title='bbox 781 2093 910 2158; x_wconf 83' lang='lat' dir='ltr'>infusus</span> <span class='ocrx_word' id='word_1_164' title='bbox 937 2104 993 2157; x_wconf 93' lang='lat' dir='ltr'>aut</span> <span class='ocrx_word' id='word_1_165' title='bbox 1019 2103 1126 2179; x_wconf 92' lang='lat' dir='ltr'>potus,</span> <span class='ocrx_word' id='word_1_166' title='bbox 1154 2093 1269 2159; x_wconf 87' lang='lat' dir='ltr'>Vetto-</span> 
     </span>
     <span class='ocr_line' id='line_1_19' title="bbox 143 2193 1376 2261; baseline -0.004 -1"><span class='ocrx_word' id='word_1_167' title='bbox 143 2197 217 2260; x_wconf 90' lang='lat' dir='ltr'>nica</span> <span class='ocrx_word' id='word_1_168' title='bbox 236 2196 270 2261; x_wconf 94' lang='lat' dir='ltr'>in</span> <span class='ocrx_word' id='word_1_169' title='bbox 293 2196 367 2261; x_wconf 89' lang='lat' dir='ltr'>vino</span> <span class='ocrx_word' id='word_1_170' title='bbox 390 2196 476 2260; x_wconf 83' lang='lat' dir='ltr'>ferro</span> <span class='ocrx_word' id='word_1_171' title='bbox 498 2194 659 2260; x_wconf 83' lang='lat' dir='ltr'>calefacto.</span> <span class='ocrx_word' id='word_1_172' title='bbox 681 2194 806 2259; x_wconf 85' lang='lat' dir='ltr'>Eadem</span> <span class='ocrx_word' id='word_1_173' title='bbox 828 2193 975 2260; x_wconf 91' lang='lat' dir='ltr'>coeliacis</span> <span class='ocrx_word' id='word_1_174' title='bbox 996 2195 1030 2259; x_wconf 90' lang='lat' dir='ltr'>iu</span> <span class='ocrx_word' id='word_1_175' title='bbox 1052 2194 1126 2260; x_wconf 87' lang='lat' dir='ltr'>vino</span> <span class='ocrx_word' id='word_1_176' title='bbox 1141 2207 1270 2260; x_wconf 91' lang='lat' dir='ltr'>austero</span> <span class='ocrx_word' id='word_1_177' title='bbox 1283 2209 1315 2255; x_wconf 82' lang='lat'>4⁵</span> <span class='ocrx_word' id='word_1_178' title='bbox 1373 2214 1376 2219; x_wconf 68' lang='grc'>’</span> 
     </span>
     <span class='ocr_line' id='line_1_20' title="bbox 144 2294 1270 2381; baseline 0 -21"><span class='ocrx_word' id='word_1_179' title='bbox 144 2297 249 2377; x_wconf 89' lang='lat' dir='ltr'>datur,</span> <span class='ocrx_word' id='word_1_180' title='bbox 270 2296 322 2362; x_wconf 93' lang='lat' dir='ltr'>his</span> <span class='ocrx_word' id='word_1_181' title='bbox 345 2306 377 2362; x_wconf 82' lang='lat' dir='ltr'>&#39;et</span> <span class='ocrx_word' id='word_1_182' title='bbox 396 2295 495 2362; x_wconf 91' lang='lat' dir='ltr'>iberis</span> <span class='ocrx_word' id='word_1_183' title='bbox 516 2294 692 2381; x_wconf 87' lang='lat' dir='ltr'>inponitur,</span> <span class='ocrx_word' id='word_1_184' title='bbox 714 2294 763 2358; x_wconf 90' lang='lat' dir='ltr'>uti</span> <span class='ocrx_word' id='word_1_185' title='bbox 785 2294 980 2360; x_wconf 92' lang='lat' dir='ltr'>dictumest.</span> <span class='ocrx_word' id='word_1_186' title='bbox 1005 2295 1163 2361; x_wconf 89' lang='lat' dir='ltr'>Tenesmo</span> <span class='ocrx_word' id='word_1_187' title='bbox 1177 2297 1270 2360; x_wconf 90' lang='lat' dir='ltr'>radix</span> 
     </span>
    </p>
   </div>
   <div class='ocr_carea' id='block_1_3' title="bbox 145 2394 1399 2788">
    <p class='ocr_par' dir='ltr' id='par_1_3' title="bbox 145 2394 1399 2788">
     <span class='ocr_line' id='line_1_21' title="bbox 145 2394 1271 2484; baseline 0.001 -21"><span class='ocrx_word' id='word_1_188' title='bbox 145 2398 345 2484; x_wconf 82' lang='lat' dir='ltr'>nymphaeae</span> <span class='ocrx_word' id='word_1_189' title='bbox 366 2397 526 2463; x_wconf 88' lang='lat' dir='ltr'>heracliae</span> <span class='ocrx_word' id='word_1_190' title='bbox 548 2419 566 2462; x_wconf 91' lang='lat' dir='ltr'>e</span> <span class='ocrx_word' id='word_1_191' title='bbox 588 2396 664 2461; x_wconf 87' lang='lat' dir='ltr'>vino</span> <span class='ocrx_word' id='word_1_192' title='bbox 685 2394 817 2474; x_wconf 92' lang='lat' dir='ltr'>bibitur,</span> <span class='ocrx_word' id='word_1_193' title='bbox 838 2396 990 2484; x_wconf 90' lang='lat' dir='ltr'>psyllium</span> <span class='ocrx_word' id='word_1_194' title='bbox 1012 2397 1046 2461; x_wconf 91' lang='lat' dir='ltr'>in</span> <span class='ocrx_word' id='word_1_195' title='bbox 1068 2419 1162 2480; x_wconf 85' lang='lat' dir='ltr'>aqua,</span> <span class='ocrx_word' id='word_1_196' title='bbox 1184 2399 1271 2464; x_wconf 88' lang='lat' dir='ltr'>acori</span> 
     </span>
     <span class='ocr_line' id='line_1_22' title="bbox 145 2484 1399 2584; baseline 0.002 -20"><span class='ocrx_word' id='word_1_197' title='bbox 145 2500 264 2565; x_wconf 91' lang='lat' dir='ltr'>radicis</span> <span class='ocrx_word' id='word_1_198' title='bbox 285 2501 464 2565; x_wconf 89' lang='lat' dir='ltr'>decoctum.</span> <span class='ocrx_word' id='word_1_199' title='bbox 498 2493 596 2563; x_wconf 85' lang='lat' dir='ltr'>Aizoi</span> <span class='ocrx_word' id='word_1_200' title='bbox 616 2521 713 2564; x_wconf 92' lang='lat' dir='ltr'>sucus</span> <span class='ocrx_word' id='word_1_201' title='bbox 735 2499 841 2563; x_wconf 90' lang='lat' dir='ltr'>alvom</span> <span class='ocrx_word' id='word_1_202' title='bbox 863 2497 948 2562; x_wconf 90' lang='lat' dir='ltr'>sistit</span> <span class='ocrx_word' id='word_1_203' title='bbox 970 2508 1002 2563; x_wconf 91' lang='lat' dir='ltr'>et</span> <span class='ocrx_word' id='word_1_204' title='bbox 1023 2498 1218 2584; x_wconf 87' lang='lat' dir='ltr'>dysinterias</span> <span class='ocrx_word' id='word_1_205' title='bbox 1240 2512 1297 2566; x_wconf 90' lang='lat' dir='ltr'>ct·</span> <span class='ocrx_word' id='word_1_206' title='bbox 1393 2484 1399 2496; x_wconf 38' lang='lat'>⁸</span> 
     </span>
     <span class='ocr_line' id='line_1_23' title="bbox 147 2599 1271 2686; baseline -0.001 -20"><span class='ocrx_word' id='word_1_207' title='bbox 147 2602 270 2667; x_wconf 89' lang='lat' dir='ltr'>taenias</span> <span class='ocrx_word' id='word_1_208' title='bbox 291 2601 446 2667; x_wconf 90' lang='lat' dir='ltr'>rotundas</span> <span class='ocrx_word' id='word_1_209' title='bbox 467 2601 575 2686; x_wconf 85' lang='lat' dir='ltr'>pellit3</span> <span class='ocrx_word' id='word_1_210' title='bbox 603 2599 765 2685; x_wconf 90' lang='lat' dir='ltr'>symphyti</span> <span class='ocrx_word' id='word_1_211' title='bbox 793 2600 885 2665; x_wconf 91' lang='lat' dir='ltr'>radix</span> <span class='ocrx_word' id='word_1_212' title='bbox 911 2610 989 2685; x_wconf 89' lang='lat' dir='ltr'>pota</span> <span class='ocrx_word' id='word_1_213' title='bbox 1008 2600 1042 2664; x_wconf 91' lang='lat' dir='ltr'>in</span> <span class='ocrx_word' id='word_1_214' title='bbox 1069 2600 1144 2666; x_wconf 88' lang='lat' dir='ltr'>vino</span> <span class='ocrx_word' id='word_1_215' title='bbox 1166 2601 1271 2667; x_wconf 89' lang='lat' dir='ltr'>alvom</span> 
     </span>
     <span class='ocr_line' id='line_1_24' title="bbox 147 2700 1271 2788; baseline -0.001 -20"><span class='ocrx_word' id='word_1_216' title='bbox 147 2716 179 2768; x_wconf 93' lang='lat' dir='ltr'>et</span> <span class='ocrx_word' id='word_1_217' title='bbox 201 2703 410 2788; x_wconf 89' lang='lat' dir='ltr'>dysinteriam</span> <span class='ocrx_word' id='word_1_218' title='bbox 432 2702 525 2780; x_wconf 90' lang='lat' dir='ltr'>sistit,</span> <span class='ocrx_word' id='word_1_219' title='bbox 553 2702 631 2767; x_wconf 92' lang='lat' dir='ltr'>item</span> <span class='ocrx_word' id='word_1_220' title='bbox 652 2701 756 2766; x_wconf 88' lang='lat' dir='ltr'>dauci.</span> <span class='ocrx_word' id='word_1_221' title='bbox 794 2700 933 2765; x_wconf 89' lang='lat' dir='ltr'>Aizoum</span> <span class='ocrx_word' id='word_1_222' title='bbox 956 2701 1042 2766; x_wconf 85' lang='lat' dir='ltr'>foliis</span> <span class='ocrx_word' id='word_1_223' title='bbox 1063 2703 1209 2768; x_wconf 89' lang='lat' dir='ltr'>contritis</span> <span class='ocrx_word' id='word_1_224' title='bbox 1231 2725 1271 2769; x_wconf 88' lang='lat' dir='ltr'>ex</span> 
     </span>
    </p>
   </div>
   <div class='ocr_carea' id='block_1_4' title="bbox 140 2874 1272 3008">
    <p class='ocr_par' dir='ltr' id='par_1_4' title="bbox 140 2874 1272 3008">
     <span class='ocr_line' id='line_1_25' title="bbox 140 2874 1272 2940; baseline -0.002 -16"><span class='ocrx_word' id='word_1_225' title='bbox 140 2877 204 2938; x_wconf 83' lang='lat' dir='ltr'>ficit,</span> <span class='ocrx_word' id='word_1_226' title='bbox 216 2877 268 2927; x_wconf 87' lang='lat' dir='ltr'>Ra.</span> <span class='ocrx_word' id='word_1_227' title='bbox 291 2876 415 2940; x_wconf 79' lang='lat' dir='ltr'>concipiat,</span> <span class='ocrx_word' id='word_1_228' title='bbox 433 2878 456 2927; x_wconf 92' lang='lat' dir='ltr'>d.</span> <span class='ocrx_word' id='word_1_229' title='bbox 480 2876 569 2940; x_wconf 85' lang='lat' dir='ltr'>capiat,</span> <span class='ocrx_word' id='word_1_230' title='bbox 587 2879 621 2927; x_wconf 89' lang='lat' dir='ltr'>V.</span> <span class='ocrx_word' id='word_1_231' title='bbox 645 2917 674 2926; x_wconf 89' lang='lat'>..</span> <span class='ocrx_word' id='word_1_232' title='bbox 702 2876 801 2937; x_wconf 84' lang='lat' dir='ltr'>instant,</span> <span class='ocrx_word' id='word_1_233' title='bbox 817 2893 840 2926; x_wconf 84' lang='lat' dir='ltr'>a</span> <span class='ocrx_word' id='word_1_234' title='bbox 864 2917 895 2925; x_wconf 90' lang='grc'>..</span> <span class='ocrx_word' id='word_1_235' title='bbox 922 2874 1035 2936; x_wconf 81' lang='lat' dir='ltr'>creditur,</span> <span class='ocrx_word' id='word_1_236' title='bbox 1053 2879 1097 2926; x_wconf 89' lang='lat' dir='ltr'>ad.</span> <span class='ocrx_word' id='word_1_237' title='bbox 1122 2918 1152 2925; x_wconf 75' lang='grc'>-</span> <span class='ocrx_word' id='word_1_238' title='bbox 1176 2874 1272 2938; x_wconf 74' lang='lat' dir='ltr'>expetit,</span> 
     </span>
     <span class='ocr_line' id='line_1_26' title="bbox 149 2941 1272 3008; baseline -0.004 -13"><span class='ocrx_word' id='word_1_239' title='bbox 149 2945 259 2995; x_wconf 84' lang='lat' dir='ltr'>Gronov.</span> <span class='ocrx_word' id='word_1_240' title='bbox 278 2945 401 3008; x_wconf 75' lang='lat' dir='ltr'>expetitur,</span> <span class='ocrx_word' id='word_1_241' title='bbox 418 2941 549 3006; x_wconf 65' lang='lat' dir='ltr'>vitoda.</span> <span class='ocrx_word' id='word_1_242' title='bbox 574 2985 605 2993; x_wconf 83' lang='grc'><strong>-</strong></span> <span class='ocrx_word' id='word_1_243' title='bbox 628 2943 689 3006; x_wconf 83' lang='lat' dir='ltr'>iaie,</span> <span class='ocrx_word' id='word_1_244' title='bbox 702 2946 736 2994; x_wconf 89' lang='lat' dir='ltr'><strong>V.</strong></span> <span class='ocrx_word' id='word_1_245' title='bbox 754 2944 806 3005; x_wconf 84' lang='lat' dir='ltr'>iac,</span> <span class='ocrx_word' id='word_1_246' title='bbox 824 2946 897 2995; x_wconf 89' lang='lat' dir='ltr'>Rad.</span> <span class='ocrx_word' id='word_1_247' title='bbox 918 2986 949 2994; x_wconf 87' lang='lat'>..</span> <span class='ocrx_word' id='word_1_248' title='bbox 968 2943 1069 3005; x_wconf 76' lang='lat' dir='ltr'>luxoria,</span> <span class='ocrx_word' id='word_1_249' title='bbox 1082 2946 1116 2994; x_wconf 89' lang='lat' dir='ltr'>V.</span> <span class='ocrx_word' id='word_1_250' title='bbox 1135 2985 1166 2993; x_wconf 87' lang='lat'>..</span> <span class='ocrx_word' id='word_1_251' title='bbox 1185 2941 1272 3002; x_wconf 84' lang='lat' dir='ltr'>condit,</span> 
     </span>
    </p>
   </div>
   <div class='ocr_carea' id='block_1_5' title="bbox 69 3007 1271 3076">
    <p class='ocr_par' dir='ltr' id='par_1_5' title="bbox 69 3007 1271 3076">
     <span class='ocr_line' id='line_1_27' title="bbox 69 3007 1271 3076; baseline -0.002 -12"><span class='ocrx_word' id='word_1_252' title='bbox 69 3047 72 3053; x_wconf 86' lang='lat'>·</span> <span class='ocrx_word' id='word_1_253' title='bbox 148 3013 262 3064; x_wconf 85' lang='lat' dir='ltr'>Gronov.</span> <span class='ocrx_word' id='word_1_254' title='bbox 280 3010 396 3073; x_wconf 80' lang='lat' dir='ltr'>conditur,</span> <span class='ocrx_word' id='word_1_255' title='bbox 408 3008 563 3076; x_wconf 65' lang='lat' dir='ltr'>vaccar.</span> <span class='ocrx_word' id='word_1_256' title='bbox 576 3052 607 3061; x_wconf 91' lang='lat'>..</span> <span class='ocrx_word' id='word_1_257' title='bbox 625 3011 734 3071; x_wconf 80' lang='lat' dir='ltr'>Phasim,</span> <span class='ocrx_word' id='word_1_258' title='bbox 746 3013 829 3062; x_wconf 87' lang='lat' dir='ltr'><strong>VBd.</strong></span> <span class='ocrx_word' id='word_1_259' title='bbox 847 3010 948 3074; x_wconf 80' lang='lat' dir='ltr'>Phasin,</span> <span class='ocrx_word' id='word_1_260' title='bbox 966 3007 1036 3076; x_wconf 73' lang='grc' dir='ltr'>αβγ.</span> <span class='ocrx_word' id='word_1_261' title='bbox 1057 3052 1088 3062; x_wconf 85' lang='grc'>..</span> <span class='ocrx_word' id='word_1_262' title='bbox 1098 3010 1271 3075; x_wconf 84' lang='lat' dir='ltr'>prosnnda,K.</span> 
     </span>
    </p>
   </div>
   <div class='ocr_carea' id='block_1_6' title="bbox 148 3075 1273 4362">
    <p class='ocr_par' dir='ltr' id='par_1_6' title="bbox 150 3075 842 3144">
     <span class='ocr_line' id='line_1_28' title="bbox 150 3075 842 3144; baseline -0.001 -14"><span class='ocrx_word' id='word_1_263' title='bbox 150 3123 181 3130; x_wconf 79' lang='grc'>-</span> <span class='ocrx_word' id='word_1_264' title='bbox 201 3079 324 3140; x_wconf 86' lang='lat' dir='ltr'>vilitatem,</span> <span class='ocrx_word' id='word_1_265' title='bbox 337 3082 392 3129; x_wconf 88' lang='lat' dir='ltr'>Vd.</span> <span class='ocrx_word' id='word_1_266' title='bbox 411 3080 544 3140; x_wconf 77' lang='lat' dir='ltr'>utilitatem,</span> <span class='ocrx_word' id='word_1_267' title='bbox 555 3075 633 3140; x_wconf 69' lang='lat' dir='ltr'>Rufi.</span> <span class='ocrx_word' id='word_1_268' title='bbox 652 3121 684 3129; x_wconf 92' lang='grc'>..</span> <span class='ocrx_word' id='word_1_269' title='bbox 702 3096 805 3144; x_wconf 88' lang='lat' dir='ltr'>operam,</span> <span class='ocrx_word' id='word_1_270' title='bbox 819 3083 842 3131; x_wconf 91' lang='lat' dir='ltr'>d.</span> 
     </span>
    </p>

    <p class='ocr_par' dir='ltr' id='par_1_7' title="bbox 148 3142 1272 3888">
     <span class='ocr_line' id='line_1_29' title="bbox 184 3142 1272 3211; baseline -0.003 -14"><span class='ocrx_word' id='word_1_271' title='bbox 184 3151 251 3211; x_wconf 67' lang='grc'><strong>544.</strong></span> <span class='ocrx_word' id='word_1_272' title='bbox 270 3164 357 3207; x_wconf 84' lang='lat' dir='ltr'>recens,</span> <span class='ocrx_word' id='word_1_273' title='bbox 371 3144 530 3199; x_wconf 74' lang='lat' dir='ltr'>OVRTad.</span> <span class='ocrx_word' id='word_1_274' title='bbox 548 3147 652 3207; x_wconf 69' lang='lat' dir='ltr'>recentis,</span> <span class='ocrx_word' id='word_1_275' title='bbox 668 3142 698 3208; x_wconf 76' lang='grc' dir='ltr'>β.</span> <span class='ocrx_word' id='word_1_276' title='bbox 723 3188 753 3196; x_wconf 90' lang='grc'>..</span> <span class='ocrx_word' id='word_1_277' title='bbox 774 3155 840 3211; x_wconf 83' lang='lat' dir='ltr'>potu,</span> <span class='ocrx_word' id='word_1_278' title='bbox 856 3148 909 3197; x_wconf 85' lang='lat' dir='ltr'>Rs.</span> <span class='ocrx_word' id='word_1_279' title='bbox 927 3147 1003 3210; x_wconf 81' lang='lat' dir='ltr'>pomi,</span> <span class='ocrx_word' id='word_1_280' title='bbox 1021 3142 1132 3196; x_wconf 76' lang='lat' dir='ltr'>OvTr.</span> <span class='ocrx_word' id='word_1_281' title='bbox 1153 3146 1192 3195; x_wconf 88' lang='lat' dir='ltr'>At</span> <span class='ocrx_word' id='word_1_282' title='bbox 1208 3147 1272 3195; x_wconf 91' lang='lat' dir='ltr'>mihi</span> 
     </span>
     <span class='ocr_line' id='line_1_30' title="bbox 149 3215 1272 3278; baseline -0.002 -14"><span class='ocrx_word' id='word_1_283' title='bbox 149 3224 239 3265; x_wconf 86' lang='lat' dir='ltr'>neutra</span> <span class='ocrx_word' id='word_1_284' title='bbox 250 3217 341 3265; x_wconf 88' lang='lat' dir='ltr'>harum</span> <span class='ocrx_word' id='word_1_285' title='bbox 353 3217 490 3266; x_wconf 87' lang='lat' dir='ltr'>lectionum</span> <span class='ocrx_word' id='word_1_286' title='bbox 503 3216 600 3265; x_wconf 85' lang='lat' dir='ltr'>sincera</span> <span class='ocrx_word' id='word_1_287' title='bbox 611 3216 717 3274; x_wconf 87' lang='lat' dir='ltr'>videtur,</span> <span class='ocrx_word' id='word_1_288' title='bbox 734 3230 792 3264; x_wconf 87' lang='lat' dir='ltr'>cum</span> <span class='ocrx_word' id='word_1_289' title='bbox 806 3222 864 3277; x_wconf 85' lang='lat' dir='ltr'>pota</span> <span class='ocrx_word' id='word_1_290' title='bbox 876 3223 936 3278; x_wconf 87' lang='lat' dir='ltr'>post</span> <span class='ocrx_word' id='word_1_291' title='bbox 946 3215 1033 3264; x_wconf 86' lang='lat' dir='ltr'>riuum</span> <span class='ocrx_word' id='word_1_292' title='bbox 1045 3221 1272 3262; x_wconf 87' lang='lat' dir='ltr'>commemoratum</span> 
     </span>
     <span class='ocr_line' id='line_1_31' title="bbox 149 3279 1272 3346; baseline -0.002 -14"><span class='ocrx_word' id='word_1_293' title='bbox 149 3284 300 3332; x_wconf 86' lang='lat' dir='ltr'>otiosissime</span> <span class='ocrx_word' id='word_1_294' title='bbox 316 3284 432 3343; x_wconf 82' lang='lat' dir='ltr'>addatur,</span> <span class='ocrx_word' id='word_1_295' title='bbox 450 3282 521 3346; x_wconf 84' lang='lat' dir='ltr'>potui</span> <span class='ocrx_word' id='word_1_296' title='bbox 534 3297 594 3331; x_wconf 87' lang='lat' dir='ltr'>vero</span> <span class='ocrx_word' id='word_1_297' title='bbox 610 3299 626 3331; x_wconf 88' lang='lat' dir='ltr'>a</span> <span class='ocrx_word' id='word_1_298' title='bbox 642 3279 738 3329; x_wconf 85' lang='lat' dir='ltr'>decocta</span> <span class='ocrx_word' id='word_1_299' title='bbox 752 3285 865 3345; x_wconf 88' lang='lat' dir='ltr'>pendens</span> <span class='ocrx_word' id='word_1_300' title='bbox 882 3290 970 3331; x_wconf 84' lang='lat' dir='ltr'>contra</span> <span class='ocrx_word' id='word_1_301' title='bbox 986 3296 1087 3331; x_wconf 90' lang='lat' dir='ltr'>omnem</span> <span class='ocrx_word' id='word_1_302' title='bbox 1104 3281 1181 3331; x_wconf 89' lang='lat' dir='ltr'>Plinii</span> <span class='ocrx_word' id='word_1_303' title='bbox 1197 3297 1272 3330; x_wconf 88' lang='lat' dir='ltr'>usum</span> 
     </span>
     <span class='ocr_line' id='line_1_32' title="bbox 149 3348 1272 3413; baseline -0.003 -13"><span class='ocrx_word' id='word_1_304' title='bbox 149 3352 255 3401; x_wconf 85' lang='lat' dir='ltr'>dicatur.</span> <span class='ocrx_word' id='word_1_305' title='bbox 274 3351 326 3401; x_wconf 86' lang='lat' dir='ltr'>Sed</span> <span class='ocrx_word' id='word_1_306' title='bbox 343 3351 407 3400; x_wconf 84' lang='lat' dir='ltr'>baec</span> <span class='ocrx_word' id='word_1_307' title='bbox 423 3351 479 3413; x_wconf 86' lang='lat' dir='ltr'>ipsa</span> <span class='ocrx_word' id='word_1_308' title='bbox 491 3351 614 3413; x_wconf 82' lang='lat' dir='ltr'>scriptura</span> <span class='ocrx_word' id='word_1_309' title='bbox 627 3349 798 3412; x_wconf 86' lang='lat' dir='ltr'>corruptelam</span> <span class='ocrx_word' id='word_1_310' title='bbox 810 3350 885 3398; x_wconf 86' lang='lat' dir='ltr'>buius</span> <span class='ocrx_word' id='word_1_311' title='bbox 896 3350 945 3398; x_wconf 92' lang='lat' dir='ltr'>loci</span> <span class='ocrx_word' id='word_1_312' title='bbox 958 3363 1063 3411; x_wconf 83' lang='lat' dir='ltr'>arguere</span> <span class='ocrx_word' id='word_1_313' title='bbox 1074 3349 1172 3398; x_wconf 87' lang='lat' dir='ltr'>videtur</span> <span class='ocrx_word' id='word_1_314' title='bbox 1184 3357 1209 3397; x_wconf 87' lang='lat' dir='ltr'>et</span> <span class='ocrx_word' id='word_1_315' title='bbox 1220 3348 1272 3398; x_wconf 90' lang='lat' dir='ltr'>Pli-</span> 
     </span>
     <span class='ocr_line' id='line_1_33' title="bbox 149 3415 1272 3481; baseline -0.002 -15"><span class='ocrx_word' id='word_1_316' title='bbox 149 3420 218 3467; x_wconf 88' lang='lat' dir='ltr'>nium</span> <span class='ocrx_word' id='word_1_317' title='bbox 231 3417 269 3466; x_wconf 85' lang='lat' dir='ltr'>vel</span> <span class='ocrx_word' id='word_1_318' title='bbox 280 3415 376 3466; x_wconf 78' lang='lat' dir='ltr'>dmarta</span> <span class='ocrx_word' id='word_1_319' title='bbox 384 3417 464 3481; x_wconf 83' lang='lat' dir='ltr'>potins</span> <span class='ocrx_word' id='word_1_320' title='bbox 476 3419 604 3481; x_wconf 86' lang='lat' dir='ltr'>scripsisse</span> <span class='ocrx_word' id='word_1_321' title='bbox 616 3417 767 3467; x_wconf 85' lang='lat' dir='ltr'>arbitror...</span> <span class='ocrx_word' id='word_1_322' title='bbox 783 3431 884 3480; x_wconf 59' lang='lat' dir='ltr'>quaqua</span> <span class='ocrx_word' id='word_1_323' title='bbox 896 3431 943 3481; x_wconf 91' lang='lat' dir='ltr'>pro</span> <span class='ocrx_word' id='word_1_324' title='bbox 955 3417 982 3465; x_wconf 90' lang='lat' dir='ltr'>h.</span> <span class='ocrx_word' id='word_1_325' title='bbox 994 3432 1018 3466; x_wconf 85' lang='lat' dir='ltr'>v.</span> <span class='ocrx_word' id='word_1_326' title='bbox 1032 3417 1127 3466; x_wconf 86' lang='lat' dir='ltr'>habent</span> <span class='ocrx_word' id='word_1_327' title='bbox 1139 3431 1184 3478; x_wconf 83' lang='lat' dir='ltr'>que</span> <span class='ocrx_word' id='word_1_328' title='bbox 1196 3416 1272 3476; x_wconf 87' lang='lat' dir='ltr'>Rad,</span> 
     </span>
     <span class='ocr_line' id='line_1_34' title="bbox 150 3480 1272 3549; baseline -0.001 -15"><span class='ocrx_word' id='word_1_329' title='bbox 150 3501 212 3548; x_wconf 81' lang='lat' dir='ltr'>qaae</span> <span class='ocrx_word' id='word_1_330' title='bbox 220 3487 254 3535; x_wconf 92' lang='lat' dir='ltr'><strong>V.</strong></span> <span class='ocrx_word' id='word_1_331' title='bbox 270 3488 334 3536; x_wconf 89' lang='lat' dir='ltr'>Post</span> <span class='ocrx_word' id='word_1_332' title='bbox 344 3485 413 3535; x_wconf 88' lang='lat' dir='ltr'>illam</span> <span class='ocrx_word' id='word_1_333' title='bbox 426 3500 486 3534; x_wconf 86' lang='lat' dir='ltr'>vero</span> <span class='ocrx_word' id='word_1_334' title='bbox 497 3485 649 3549; x_wconf 84' lang='lat' dir='ltr'>particulam</span> <span class='ocrx_word' id='word_1_335' title='bbox 661 3484 777 3548; x_wconf 86' lang='lat' dir='ltr'>proxime</span> <span class='ocrx_word' id='word_1_336' title='bbox 788 3486 814 3534; x_wconf 91' lang='lat' dir='ltr'>in</span> <span class='ocrx_word' id='word_1_337' title='bbox 823 3480 968 3549; x_wconf 71' lang='lat' dir='ltr'>Vdefly</span> <span class='ocrx_word' id='word_1_338' title='bbox 978 3485 1072 3548; x_wconf 79' lang='lat' dir='ltr'>legitur</span> <span class='ocrx_word' id='word_1_339' title='bbox 1084 3492 1113 3546; x_wconf 89' lang='lat' dir='ltr'>et,</span> <span class='ocrx_word' id='word_1_340' title='bbox 1127 3499 1203 3548; x_wconf 89' lang='lat' dir='ltr'>quam</span> <span class='ocrx_word' id='word_1_341' title='bbox 1215 3498 1272 3548; x_wconf 88' lang='lat' dir='ltr'>par·</span> 
     </span>
     <span class='ocr_line' id='line_1_35' title="bbox 149 3549 1272 3617; baseline -0.002 -14"><span class='ocrx_word' id='word_1_342' title='bbox 149 3552 253 3603; x_wconf 78' lang='lat' dir='ltr'>ticulum</span> <span class='ocrx_word' id='word_1_343' title='bbox 265 3560 295 3603; x_wconf 88' lang='lat' dir='ltr'>ut</span> <span class='ocrx_word' id='word_1_344' title='bbox 304 3568 409 3617; x_wconf 89' lang='lat' dir='ltr'>prorsus</span> <span class='ocrx_word' id='word_1_345' title='bbox 421 3554 529 3603; x_wconf 89' lang='lat' dir='ltr'>otiosam</span> <span class='ocrx_word' id='word_1_346' title='bbox 541 3561 567 3603; x_wconf 86' lang='lat' dir='ltr'>et</span> <span class='ocrx_word' id='word_1_347' title='bbox 577 3552 768 3617; x_wconf 86' lang='lat' dir='ltr'>interpolationi</span> <span class='ocrx_word' id='word_1_348' title='bbox 781 3552 891 3602; x_wconf 81' lang='lat' dir='ltr'>debitam</span> <span class='ocrx_word' id='word_1_349' title='bbox 904 3553 1051 3602; x_wconf 81' lang='lat' dir='ltr'>delevimus.</span> <span class='ocrx_word' id='word_1_350' title='bbox 1070 3593 1100 3601; x_wconf 88' lang='lat'>..</span> <span class='ocrx_word' id='word_1_351' title='bbox 1118 3549 1228 3613; x_wconf 83' lang='lat' dir='ltr'>velbasci,</span> <span class='ocrx_word' id='word_1_352' title='bbox 1239 3551 1272 3601; x_wconf 72' lang='lat' dir='ltr'>R</span> 
     </span>
     <span class='ocr_line' id='line_1_36' title="bbox 151 3618 1272 3685; baseline -0.001 -16"><span class='ocrx_word' id='word_1_353' title='bbox 151 3661 183 3669; x_wconf 85' lang='lat'>..</span> <span class='ocrx_word' id='word_1_354' title='bbox 201 3636 274 3684; x_wconf 81' lang='lat' dir='ltr'>aqna,</span> <span class='ocrx_word' id='word_1_355' title='bbox 292 3620 366 3671; x_wconf 86' lang='lat' dir='ltr'>Rad.</span> <span class='ocrx_word' id='word_1_356' title='bbox 390 3636 446 3683; x_wconf 83' lang='lat' dir='ltr'>qna,</span> <span class='ocrx_word' id='word_1_357' title='bbox 463 3622 496 3670; x_wconf 89' lang='lat' dir='ltr'>V.</span> <span class='ocrx_word' id='word_1_358' title='bbox 519 3662 550 3670; x_wconf 79' lang='grc'>-</span> <span class='ocrx_word' id='word_1_359' title='bbox 577 3619 701 3685; x_wconf 79' lang='lat' dir='ltr'>nymphae,</span> <span class='ocrx_word' id='word_1_360' title='bbox 719 3636 743 3669; x_wconf 89' lang='lat' dir='ltr'>a.</span> <span class='ocrx_word' id='word_1_361' title='bbox 767 3661 798 3670; x_wconf 87' lang='grc'>...</span> <span class='ocrx_word' id='word_1_362' title='bbox 821 3619 979 3684; x_wconf 78' lang='lat' dir='ltr'>plantayinis,</span> <span class='ocrx_word' id='word_1_363' title='bbox 995 3620 1047 3671; x_wconf 86' lang='lat' dir='ltr'>Ra.</span> <span class='ocrx_word' id='word_1_364' title='bbox 1071 3618 1221 3684; x_wconf 79' lang='lat' dir='ltr'>plantatinis,</span> <span class='ocrx_word' id='word_1_365' title='bbox 1237 3619 1272 3668; x_wconf 89' lang='lat' dir='ltr'>V.</span> 
     </span>
     <span class='ocr_line' id='line_1_37' title="bbox 148 3685 1272 3751; baseline 0.001 -16"><span class='ocrx_word' id='word_1_366' title='bbox 148 3686 256 3751; x_wconf 88' lang='lat' dir='ltr'>plantati</span> <span class='ocrx_word' id='word_1_367' title='bbox 265 3686 319 3748; x_wconf 66' lang='lat' dir='ltr'>nisi,</span> <span class='ocrx_word' id='word_1_368' title='bbox 331 3690 355 3738; x_wconf 90' lang='lat' dir='ltr'>d.</span> <span class='ocrx_word' id='word_1_369' title='bbox 374 3730 405 3738; x_wconf 88' lang='lat'>..</span> <span class='ocrx_word' id='word_1_370' title='bbox 429 3687 557 3749; x_wconf 72' lang='lat' dir='ltr'>attalica,</span> <span class='ocrx_word' id='word_1_371' title='bbox 569 3688 641 3738; x_wconf 87' lang='lat' dir='ltr'>Rad.</span> <span class='ocrx_word' id='word_1_372' title='bbox 660 3686 775 3748; x_wconf 81' lang='lat' dir='ltr'>athalico,</span> <span class='ocrx_word' id='word_1_373' title='bbox 787 3688 821 3738; x_wconf 91' lang='lat' dir='ltr'><strong>V.</strong></span> <span class='ocrx_word' id='word_1_374' title='bbox 841 3729 872 3737; x_wconf 92' lang='lat'>..</span> <span class='ocrx_word' id='word_1_375' title='bbox 890 3685 992 3749; x_wconf 86' lang='lat' dir='ltr'>aridiae,</span> <span class='ocrx_word' id='word_1_376' title='bbox 1005 3688 1039 3738; x_wconf 89' lang='lat' dir='ltr'>V.</span> <span class='ocrx_word' id='word_1_377' title='bbox 1059 3729 1090 3737; x_wconf 84' lang='lat'>..</span> <span class='ocrx_word' id='word_1_378' title='bbox 1109 3695 1175 3747; x_wconf 84' lang='lat' dir='ltr'>tosto,</span> <span class='ocrx_word' id='word_1_379' title='bbox 1187 3687 1272 3736; x_wconf 83' lang='lat' dir='ltr'><strong>VRd.</strong></span> 
     </span>
     <span class='ocr_line' id='line_1_38' title="bbox 152 3751 1272 3820; baseline 0 -18"><span class='ocrx_word' id='word_1_380' title='bbox 152 3762 206 3816; x_wconf 89' lang='lat' dir='ltr'>tato,</span> <span class='ocrx_word' id='word_1_381' title='bbox 219 3773 242 3804; x_wconf 88' lang='lat' dir='ltr'>a.</span> <span class='ocrx_word' id='word_1_382' title='bbox 261 3797 293 3805; x_wconf 92' lang='lat'>..</span> <span class='ocrx_word' id='word_1_383' title='bbox 311 3763 439 3819; x_wconf 82' lang='lat' dir='ltr'>aatpotus,</span> <span class='ocrx_word' id='word_1_384' title='bbox 452 3756 566 3806; x_wconf 87' lang='lat' dir='ltr'><strong>VTKd.</strong></span> <span class='ocrx_word' id='word_1_385' title='bbox 584 3763 727 3816; x_wconf 79' lang='lat' dir='ltr'>antraccns,</span> <span class='ocrx_word' id='word_1_386' title='bbox 740 3751 838 3820; x_wconf 69' lang='lat' dir='ltr'>Rastr.</span> <span class='ocrx_word' id='word_1_387' title='bbox 856 3796 887 3804; x_wconf 82' lang='lat'><em>-</em></span> <span class='ocrx_word' id='word_1_388' title='bbox 912 3755 1042 3815; x_wconf 80' lang='lat' dir='ltr'>Vettonica,</span> <span class='ocrx_word' id='word_1_389' title='bbox 1054 3755 1158 3806; x_wconf 77' lang='lat' dir='ltr'>vitat.</span> <span class='ocrx_word' id='word_1_390' title='bbox 1177 3762 1199 3803; x_wconf 85' lang='lat' dir='ltr'>et</span> <span class='ocrx_word' id='word_1_391' title='bbox 1217 3755 1272 3805; x_wconf 87' lang='lat' dir='ltr'>Vst-</span> 
     </span>
     <span class='ocr_line' id='line_1_39' title="bbox 151 3820 521 3888; baseline 0.005 -17"><span class='ocrx_word' id='word_1_392' title='bbox 151 3822 249 3882; x_wconf 64' lang='lat' dir='ltr'>tonicam</span> <span class='ocrx_word' id='word_1_393' title='bbox 261 3823 295 3873; x_wconf 90' lang='grc' dir='ltr'>Κ.</span> <span class='ocrx_word' id='word_1_394' title='bbox 319 3823 459 3882; x_wconf 80' lang='lat' dir='ltr'>Vettonicae,</span> <span class='ocrx_word' id='word_1_395' title='bbox 471 3820 521 3888; x_wconf 73' lang='grc' dir='ltr'>βγ.</span> 
     </span>
    </p>

    <p class='ocr_par' dir='ltr' id='par_1_8' title="bbox 152 3886 1273 4362">
     <span class='ocr_line' id='line_1_40' title="bbox 186 3886 1272 3956; baseline 0.002 -17"><span class='ocrx_word' id='word_1_396' title='bbox 186 3893 200 3956; x_wconf 71' lang='lat'><strong>5</strong></span> <span class='ocrx_word' id='word_1_397' title='bbox 213 3897 254 3940; x_wconf 78' lang='grc'><strong>45.</strong></span> <span class='ocrx_word' id='word_1_398' title='bbox 274 3889 369 3950; x_wconf 71' lang='lat' dir='ltr'>hibeni,</span> <span class='ocrx_word' id='word_1_399' title='bbox 380 3891 415 3940; x_wconf 90' lang='lat' dir='ltr'><strong>V.</strong></span> <span class='ocrx_word' id='word_1_400' title='bbox 433 3890 551 3949; x_wconf 68' lang='lat' dir='ltr'>hibiberss,</span> <span class='ocrx_word' id='word_1_401' title='bbox 564 3906 587 3941; x_wconf 81' lang='lat' dir='ltr'>a.</span> <span class='ocrx_word' id='word_1_402' title='bbox 600 3931 631 3940; x_wconf 86' lang='lat'>..</span> <span class='ocrx_word' id='word_1_403' title='bbox 650 3889 692 3951; x_wconf 85' lang='lat' dir='ltr'>nti,</span> <span class='ocrx_word' id='word_1_404' title='bbox 704 3890 759 3940; x_wconf 91' lang='lat' dir='ltr'>Vd.</span> <span class='ocrx_word' id='word_1_405' title='bbox 777 3898 810 3952; x_wconf 87' lang='lat' dir='ltr'>nt,</span> <span class='ocrx_word' id='word_1_406' title='bbox 822 3886 921 3956; x_wconf 77' lang='grc' dir='ltr'>Βιιβγ.</span> <span class='ocrx_word' id='word_1_407' title='bbox 936 3932 966 3940; x_wconf 87' lang='grc'>..</span> <span class='ocrx_word' id='word_1_408' title='bbox 984 3889 1070 3940; x_wconf 50' lang='lat' dir='ltr'>&amp;tum</span> <span class='ocrx_word' id='word_1_409' title='bbox 1083 3897 1128 3953; x_wconf 84' lang='lat' dir='ltr'>est;</span> <span class='ocrx_word' id='word_1_410' title='bbox 1146 3906 1272 3955; x_wconf 86' lang='lat' dir='ltr'>nusquam</span> 
     </span>
     <span class='ocr_line' id='line_1_41' title="bbox 152 3959 1272 4019; baseline -0.002 -9"><span class='ocrx_word' id='word_1_411' title='bbox 152 3961 228 4010; x_wconf 87' lang='lat' dir='ltr'>huius</span> <span class='ocrx_word' id='word_1_412' title='bbox 240 3959 343 4009; x_wconf 87' lang='lat' dir='ltr'>iberidis</span> <span class='ocrx_word' id='word_1_413' title='bbox 355 3972 413 4007; x_wconf 87' lang='lat' dir='ltr'>usus</span> <span class='ocrx_word' id='word_1_414' title='bbox 425 3959 521 4007; x_wconf 87' lang='lat' dir='ltr'>mentio</span> <span class='ocrx_word' id='word_1_415' title='bbox 533 3975 550 4008; x_wconf 87' lang='lat' dir='ltr'>a</span> <span class='ocrx_word' id='word_1_416' title='bbox 560 3959 645 4008; x_wconf 91' lang='lat' dir='ltr'>Plinio</span> <span class='ocrx_word' id='word_1_417' title='bbox 657 3959 751 4008; x_wconf 85' lang='lat' dir='ltr'>iniecta</span> <span class='ocrx_word' id='word_1_418' title='bbox 761 3959 895 4017; x_wconf 87' lang='lat' dir='ltr'>invenitur,</span> <span class='ocrx_word' id='word_1_419' title='bbox 907 3961 974 4009; x_wconf 87' lang='lat' dir='ltr'>unde</span> <span class='ocrx_word' id='word_1_420' title='bbox 986 3966 1030 4009; x_wconf 90' lang='lat' dir='ltr'>aut</span> <span class='ocrx_word' id='word_1_421' title='bbox 1042 3962 1082 4019; x_wconf 73' lang='lat'>25,</span> <span class='ocrx_word' id='word_1_422' title='bbox 1095 3965 1135 4009; x_wconf 82' lang='grc'>88.</span> <span class='ocrx_word' id='word_1_423' title='bbox 1148 3961 1272 4010; x_wconf 84' lang='lat' dir='ltr'>nonnulla</span> 
     </span>
     <span class='ocr_line' id='line_1_42' title="bbox 152 4025 1272 4092; baseline 0 -15"><span class='ocrx_word' id='word_1_424' title='bbox 152 4029 276 4077; x_wconf 87' lang='lat' dir='ltr'>excidisse</span> <span class='ocrx_word' id='word_1_425' title='bbox 291 4025 423 4089; x_wconf 87' lang='lat' dir='ltr'>probabile</span> <span class='ocrx_word' id='word_1_426' title='bbox 439 4033 490 4085; x_wconf 88' lang='lat' dir='ltr'>est,</span> <span class='ocrx_word' id='word_1_427' title='bbox 509 4033 554 4075; x_wconf 88' lang='lat' dir='ltr'>aut</span> <span class='ocrx_word' id='word_1_428' title='bbox 569 4026 594 4075; x_wconf 88' lang='lat' dir='ltr'>h.</span> <span class='ocrx_word' id='word_1_429' title='bbox 608 4026 625 4075; x_wconf 91' lang='lat' dir='ltr'>l.</span> <span class='ocrx_word' id='word_1_430' title='bbox 642 4033 702 4088; x_wconf 88' lang='lat' dir='ltr'>post</span> <span class='ocrx_word' id='word_1_431' title='bbox 712 4039 801 4075; x_wconf 87' lang='lat' dir='ltr'>vocem</span> <span class='ocrx_word' id='word_1_432' title='bbox 814 4025 934 4090; x_wconf 80' lang='lat' dir='ltr'>inponitur</span> <span class='ocrx_word' id='word_1_433' title='bbox 946 4041 1039 4076; x_wconf 88' lang='lat' dir='ltr'>nomen</span> <span class='ocrx_word' id='word_1_434' title='bbox 1051 4027 1157 4076; x_wconf 87' lang='lat' dir='ltr'>alicuius</span> <span class='ocrx_word' id='word_1_435' title='bbox 1168 4029 1272 4092; x_wconf 89' lang='lat' dir='ltr'>plantae</span> 
     </span>
     <span class='ocr_line' id='line_1_43' title="bbox 153 4085 1271 4156; baseline 0.001 -12"><span class='ocrx_word' id='word_1_436' title='bbox 153 4095 277 4145; x_wconf 83' lang='lat' dir='ltr'>salutaris.</span> <span class='ocrx_word' id='word_1_437' title='bbox 300 4135 330 4142; x_wconf 86' lang='lat'><em>-</em></span> <span class='ocrx_word' id='word_1_438' title='bbox 358 4090 468 4156; x_wconf 77' lang='lat' dir='ltr'>pryliam,</span> <span class='ocrx_word' id='word_1_439' title='bbox 485 4093 541 4143; x_wconf 91' lang='lat' dir='ltr'>Vd.</span> <span class='ocrx_word' id='word_1_440' title='bbox 565 4134 596 4142; x_wconf 88' lang='grc'>..</span> <span class='ocrx_word' id='word_1_441' title='bbox 624 4091 682 4151; x_wconf 86' lang='lat' dir='ltr'>cori,</span> <span class='ocrx_word' id='word_1_442' title='bbox 698 4092 753 4141; x_wconf 89' lang='lat' dir='ltr'>Va.</span> <span class='ocrx_word' id='word_1_443' title='bbox 781 4134 804 4141; x_wconf 84' lang='lat'>-</span> <span class='ocrx_word' id='word_1_444' title='bbox 832 4094 914 4152; x_wconf 74' lang='lat' dir='ltr'>tentas,</span> <span class='ocrx_word' id='word_1_445' title='bbox 932 4085 960 4142; x_wconf 82' lang='grc' dir='ltr'>θ.</span> <span class='ocrx_word' id='word_1_446' title='bbox 984 4101 1071 4153; x_wconf 82' lang='lat' dir='ltr'>tensas,</span> <span class='ocrx_word' id='word_1_447' title='bbox 1082 4094 1134 4144; x_wconf 85' lang='lat' dir='ltr'>Ra.</span> <span class='ocrx_word' id='word_1_448' title='bbox 1157 4110 1235 4154; x_wconf 81' lang='lat' dir='ltr'>eneas,</span> <span class='ocrx_word' id='word_1_449' title='bbox 1248 4098 1271 4145; x_wconf 91' lang='lat' dir='ltr'>d.</span> 
     </span>
     <span class='ocr_line' id='line_1_44' title="bbox 154 4156 1273 4227; baseline 0.003 -19"><span class='ocrx_word' id='word_1_450' title='bbox 154 4161 241 4222; x_wconf 83' lang='lat' dir='ltr'>tineas,</span> <span class='ocrx_word' id='word_1_451' title='bbox 254 4156 336 4224; x_wconf 66' lang='lat' dir='ltr'><strong>Vssy.</strong></span> <span class='ocrx_word' id='word_1_452' title='bbox 357 4201 386 4209; x_wconf 85' lang='lat'>..</span> <span class='ocrx_word' id='word_1_453' title='bbox 406 4157 534 4220; x_wconf 75' lang='lat' dir='ltr'>rotundas,</span> <span class='ocrx_word' id='word_1_454' title='bbox 545 4176 568 4209; x_wconf 82' lang='lat' dir='ltr'>a</span> <span class='ocrx_word' id='word_1_455' title='bbox 587 4201 618 4209; x_wconf 90' lang='lat'>..</span> <span class='ocrx_word' id='word_1_456' title='bbox 635 4157 724 4222; x_wconf 89' lang='lat' dir='ltr'>pellat,</span> <span class='ocrx_word' id='word_1_457' title='bbox 737 4175 760 4208; x_wconf 89' lang='lat' dir='ltr'>a.</span> <span class='ocrx_word' id='word_1_458' title='bbox 780 4200 810 4209; x_wconf 81' lang='lat'>..</span> <span class='ocrx_word' id='word_1_459' title='bbox 828 4161 935 4225; x_wconf 77' lang='lat' dir='ltr'>syrnpitr&#39;,</span> <span class='ocrx_word' id='word_1_460' title='bbox 946 4176 969 4209; x_wconf 88' lang='lat' dir='ltr'>a.</span> <span class='ocrx_word' id='word_1_461' title='bbox 987 4161 1109 4227; x_wconf 76' lang='lat' dir='ltr'>sympitps,</span> <span class='ocrx_word' id='word_1_462' title='bbox 1120 4162 1152 4211; x_wconf 88' lang='lat' dir='ltr'>R.</span> <span class='ocrx_word' id='word_1_463' title='bbox 1165 4204 1195 4214; x_wconf 71' lang='grc'>-</span> <span class='ocrx_word' id='word_1_464' title='bbox 1213 4170 1273 4227; x_wconf 88' lang='lat' dir='ltr'>pota</span> 
     </span>
     <span class='ocr_line' id='line_1_45' title="bbox 153 4220 1272 4295; baseline 0.002 -17"><span class='ocrx_word' id='word_1_465' title='bbox 153 4229 177 4278; x_wconf 90' lang='lat' dir='ltr'>in</span> <span class='ocrx_word' id='word_1_466' title='bbox 194 4230 248 4278; x_wconf 84' lang='lat' dir='ltr'>vino</span> <span class='ocrx_word' id='word_1_467' title='bbox 264 4228 341 4278; x_wconf 80' lang='lat' dir='ltr'>alvum</span> <span class='ocrx_word' id='word_1_468' title='bbox 359 4235 388 4289; x_wconf 85' lang='lat' dir='ltr'>et,</span> <span class='ocrx_word' id='word_1_469' title='bbox 405 4220 514 4278; x_wconf 76' lang='lat' dir='ltr'><strong>OVTd.</strong></span> <span class='ocrx_word' id='word_1_470' title='bbox 533 4226 621 4279; x_wconf 85' lang='lat' dir='ltr'>Omitt.</span> <span class='ocrx_word' id='word_1_471' title='bbox 637 4223 737 4292; x_wconf 70' lang='lat' dir='ltr'>Rassr.</span> <span class='ocrx_word' id='word_1_472' title='bbox 762 4268 792 4277; x_wconf 81' lang='lat'>..</span> <span class='ocrx_word' id='word_1_473' title='bbox 821 4225 981 4293; x_wconf 71' lang='lat' dir='ltr'>dysinteriam,</span> <span class='ocrx_word' id='word_1_474' title='bbox 1000 4222 1110 4281; x_wconf 71' lang='lat' dir='ltr'>OVTtl.</span> <span class='ocrx_word' id='word_1_475' title='bbox 1132 4229 1272 4295; x_wconf 73' lang='lat' dir='ltr'>dysinteria,</span> 
     </span>
     <span class='ocr_line' id='line_1_46' title="bbox 152 4295 412 4362; baseline -0.015 -14"><span class='ocrx_word' id='word_1_476' title='bbox 152 4299 204 4348; x_wconf 87' lang='lat' dir='ltr'>Ra.</span> <span class='ocrx_word' id='word_1_477' title='bbox 222 4295 375 4362; x_wconf 64' lang='lat' dir='ltr'>dysenterica</span> <span class='ocrx_word' id='word_1_478' title='bbox 387 4309 412 4360; x_wconf 77' lang='grc' dir='ltr'>γ.</span> 
     </span>
    </p>
   </div>
   <div class='ocr_carea' id='block_1_7' title="bbox 0 0 1474 4800">
    <p class='ocr_par' dir='ltr' id='par_1_9' title="bbox 0 0 1474 4800">
     <span class='ocr_line' id='line_1_47' title="bbox 0 0 1474 4800; baseline 0 0"><span class='ocrx_word' id='word_1_479' title='bbox 0 0 1474 4800; x_wconf 95' lang='lat' dir='ltr'> </span> 
     </span>
    </p>
   </div>
  </div>
 </body>
</html>
