2918 4800
443 311 512 355 asa.
529 311 615 364 xxx.
648 309 727 356 css.
743 311 767 355 1.
798 308 896 356 snos.
914 313 930 352 1.
946 311 964 352 r.
1206 293 1269 356 379

144 461 444 546 Arabantiphocum
465 473 521 526 aut
542 461 716 546 Assyrium
739 460 986 538 Tarmoendam,
1015 483 1150 544 quorum
1180 463 1268 527 nulla

145 574 274 630 exstant
288 556 502 628 moniinenta?
525 561 681 627 Maxume
696 572 803 627 tamen
823 563 938 626 mirum
959 573 1009 626 est
1030 561 1064 626 in
1086 562 1169 628 bello
1185 562 1270 628 Tro·

143 667 218 731 iano
242 676 365 730 tantum
387 665 428 728 de
449 675 517 728 arte
540 687 578 728 ea
600 663 762 730 silentium
788 663 890 728 fuisse
912 661 1056 729 Homero
1079 675 1269 749 tantumque

144 768 252 852 operis
278 789 320 831 ex
347 766 460 831 eadem
486 766 519 829 in
547 764 655 831 Ulixis
683 765 855 844 erroribus,
884 765 964 830 adeo
992 774 1028 830 ut
1056 776 1156 830 toturn
1185 789 1269 850 opus

143 892 208 933 non
235 868 364 933 aliunde
396 878 537 943 constet3
574 868 731 952 siquidem
759 866 879 932 Protea
912 877 944 932 et
973 864 1123 932 Sirenum
1157 879 1298 934 cantuss

145 970 233 1056 apud
255 991 328 1035 eum
350 990 416 1033 non
437 967 528 1033 aliter
548 968 692 1056 intellegi
720 970 846 1045 volunt,
876 965 971 1033 Circe
999 967 1111 1051 utique
1133 980 1165 1033 et
1186 969 1270 1034 infe-

144 1095 215 1137 rum
236 1070 421 1136 evocatione
442 1069 502 1135 hoo
525 1071 628 1137 solum
648 1071 711 1158 agi.
749 1068 819 1136 Nec
847 1079 960 1154 postea
990 1070 1160 1154 quisquam
1187 1070 1270 1135 dixit

143 1196 284 1259 quonam
315 1172 411 1238 modo
444 1172 587 1238 venisset
620 1172 797 1238 Telmisum
833 1171 1109 1260 religiosissimam
1144 1171 1277 1262 urbem,

143 1274 273 1358 quando
307 1273 476 1339 transisset
504 1275 546 1338 ed
573 1275 746 1341 Thessalas
772 1284 890 1339 matres
924 1297 1060 1359 quarum
1093 1297 1271 1360 cognomen

145 1375 201 1441 diu
223 1375 363 1461 optinuit
384 1375 417 1439 in
439 1386 549 1441 nostro
579 1376 657 1441 orbe
685 1377 808 1442 alienae
836 1376 952 1464 gentis.
988 1375 1138 1440 Troianis
1158 1376 1299 1460 utiquer

145 1477 343 1564 temporibus
366 1475 516 1544 Chironis
538 1478 704 1543 medicinis
726 1487 875 1543 contenta
905 1500 952 1554 ea,
982 1478 1047 1543 solo
1069 1477 1178 1542 Marte
1206 1477 1270 1542 fnl-

145 1580 296 1658 minante,
318 1581 418 1646 miror
440 1580 589 1664 equidem
604 1578 741 1644 Achillis
762 1579 890 1665 populis
910 1579 1028 1643 famam
1050 1581 1120 1645 eius
1141 1581 1175 1644 in
1198 1590 1271 1643 tan·
1369 1640 1372 1648 .

147 1693 214 1746 tum
240 1681 424 1747 adhaesisse
451 1693 488 1746 ut
514 1680 697 1753 Menander
731 1703 858 1766 quoque
890 1680 1068 1745 litterarum
1102 1681 1272 1747 subtilitati

147 1783 215 1849 sine
242 1783 368 1848 aemulo
395 1783 525 1869 genitus
546 1782 735 1847 Thessalam
764 1783 1003 1868 cognominaret
1028 1782 1169 1848 fabulam
1192 1806 1270 1848 oon-

145 1882 273 1968 plexam
298 1884 454 1972 ambages
483 1884 675 1950 feminarum
704 1883 942 1950 detrahentium
974 1885 1092 1948 lunam.
1138 1882 1272 1970 Orphea
1359 1961 1362 1970 y

145 1995 295 2070 putarem
315 2008 333 2050 e
355 1986 535 2073 propinquo
556 1987 695 2072 primurn
717 1986 888 2072 pertulisse
904 1987 946 2049 ad
967 1985 1073 2050 vicina
1092 2007 1195 2069 usque
1217 2010 1272 2052 su-

145 2087 362 2172 perstitionem
384 2109 404 2152 a
425 2087 585 2152 medicina
607 2097 807 2174 provectum,
832 2088 858 2152 si
880 2111 945 2152 non
961 2110 1078 2173 expers
1094 2089 1188 2153 sedes
1203 2089 1272 2154 eins

146 2198 212 2252 tota
234 2188 360 2256 Thrace
381 2190 524 2277 magices
546 2189 672 2254 fuisset.
709 2189 852 2267 Primus,
875 2190 963 2273 quod
986 2199 1099 2269 exstet,
1124 2200 1158 2254 ut
1180 2191 1300 2274 equi-s

146 2289 219 2357 dem
239 2291 378 2368 invenio,
400 2301 623 2358 conmentatus
645 2301 694 2356 est
715 2290 757 2357 de
779 2315 818 2356 ea
832 2288 994 2358 Osthanes
1009 2291 1147 2359 Xerxen
1162 2315 1272 2380 regem

151 2463 262 2528 emend.)
278 2465 360 2516 RTd.
386 2467 466 2528 urbes,
482 2469 555 2517 codd.
572 2466 694 2528 Barbari,
712 2461 741 2526 β.
764 2507 795 2515 -
822 2464 904 2516 alieno
918 2466 1069 2531 pentes,R².
1095 2466 1176 2516 alieno
1196 2473 1271 2530 pente,

149 2524 251 2583 ovat
275 2531 357 2583 aliena
371 2533 448 2598 penti,
461 2535 515 2585 Td.
542 2533 688 2599 elissipona,
706 2534 818 2586 Gronov.
845 2535 911 2585 Mihi
927 2537 1014 2599 potins
1025 2536 1123 2586 Plinius
1141 2535 1271 2598 scripsisse

145 2601 244 2652 videtur
259 2600 352 2651 alanos
368 2602 453 2666 pontis,
471 2612 500 2652 nt
515 2603 580 2653 illud
595 2617 737 2666 cognomen
749 2603 931 2654 Thessalorum
949 2612 1056 2655 matrum
1076 2605 1152 2654 etiam
1168 2604 1194 2652 in
1211 2603 1273 2652 slie-

145 2685 200 2730 nas,
216 2674 249 2721 ad
261 2671 423 2721 Thessaliam
434 2687 488 2721 non
499 2672 653 2736 pertinentes
665 2680 753 2735 gentes
764 2672 898 2721 transierit.

179 2770 194 2832 ἒ
205 2775 228 2823 7.
245 2770 332 2835 utique,
342 2764 495 2824 8VR¹Td
512 2773 600 2837 itaque,
609 2775 633 2824 R
641 2776 651 2805 ²
660 2772 747 2836 (codd.
757 2774 865 2824 Barbari
874 2781 899 2824 ct
908 2770 1021 2834 Gelenii)
1030 2768 1082 2838 βγ.
1096 2814 1128 2823 -
1141 2771 1272 2835 medicinis,

145 2839 221 2890 R2T.
244 2839 348 2900 medan,
360 2841 387 2891 V
399 2839 445 2905 (ex
457 2840 569 2904 emend.)
580 2843 615 2892 R¹
623 2843 647 2891 d.
667 2883 699 2891 -
717 2848 826 2890 contenta
837 2857 873 2903 eo,
890 2843 926 2892 ita
936 2856 983 2891 nos
996 2842 1141 2906 scripsimus
1154 2843 1272 2906 suppleto

146 2922 179 2956 ex
195 2909 366 2971 superioribus
382 2925 428 2974 per
445 2911 556 2974 synesim
572 2911 675 2960 nomine
692 2910 848 2961 Thessaliae.
879 2917 1000 2958 contentae
1015 2926 1040 2971 o,
1056 2909 1090 2959 V.
1119 2917 1224 2959 contente
1242 2917 1272 2971 et,

145 2976 240 3026 R¹Td.
268 2984 376 3024 contenta
392 2984 421 3038 et,
433 2978 476 3028 R²
492 2975 579 3039 (codd.
592 2975 664 3039 Gel.)
675 2975 725 3042 βγ.
753 2995 804 3026 crim
819 2974 928 3026 Chironis
944 2976 1066 3026 medicinis
1082 2985 1191 3026 contento
1205 2984 1272 3038 esset,

146 3045 220 3093 codd.
232 3043 345 3093 Barbari.
364 3084 395 3092 -
411 3043 548 3108 fulminati,
565 3047 631 3096 R¹d.
650 3086 681 3094 -
704 3045 814 3103 Achillis,
827 3046 903 3094 VRd
922 3045 1008 3106 (codd.
1023 3042 1094 3105 Gal.)
1122 3044 1180 3107 illis,
1198 3045 1272 3094 codd.

145 3110 260 3161 Barbari.
280 3149 311 3159 -
326 3111 430 3174 famem,
446 3113 492 3162 V¹.
512 3152 542 3161 ...
567 3110 841 3172 adtaenn,0m.1t¹.
861 3151 892 3161 ..
915 3110 1044 3163 subtilitati
1058 3110 1108 3160 sine
1125 3109 1225 3174 aemulo,
1238 3113 1272 3161 V.

145 3243 285 3294 subtilitatis
297 3194 418 3307 iiiimub,
432 3247 464 3297 R.
491 3244 630 3296 subtilitatis
647 3245 671 3295 in
686 3245 786 3307 aemulo,
803 3247 827 3295 d.
853 3243 987 3305 subtilitati,
1005 3249 1078 3296 codd.
1099 3246 1155 3298 Gel.
1183 3263 1274 3310 quoque

145 3329 263 3363 saccorum
279 3311 371 3362 salibus
386 3313 438 3362 sine
449 3311 549 3376 aemulo,
560 3316 628 3365 Pint.
647 3354 679 3364 ..
706 3312 843 3375 Tiesolam,
855 3315 889 3364 V.
909 3356 940 3364 -
963 3313 1146 3378 cognominaret,
1161 3307 1272 3366 OVRd.

146 3382 325 3445 cognominant,
336 3377 366 3444 β.
386 3423 417 3431 ..
432 3381 574 3446 propinquo,
586 3383 617 3432 R.
633 3380 827 3446 propinquorum,
839 3382 894 3433 Vd.
914 3381 1072 3447 epropinquo
1084 3398 1144 3444 enni,
1158 3382 1270 3434 Gronov.

147 3490 179 3499 ...
195 3448 326 3514 pertulisse,
339 3451 373 3501 V.
393 3449 529 3514 protulisse,
545 3443 574 3500 θ.
596 3449 710 3512 intulisse,
721 3446 823 3515 der.
844 3491 875 3500 -
899 3449 979 3498 omina
995 3467 1066 3514 usque
1085 3449 1273 3515 superstitionem

146 3532 163 3565 a
174 3515 298 3579 medicina,
313 3520 349 3569 ita
364 3532 412 3570 nos
424 3519 568 3582 scripsimus
580 3520 673 3584 partim
685 3519 792 3581 codices,
805 3520 898 3583 partim
911 3519 1036 3571 Gronovii
1049 3520 1222 3570 coniecturam
1234 3534 1272 3569 sc-

146 3586 205 3635 cuti.
223 3585 303 3635 vicina
315 3603 387 3649 usque
398 3586 585 3651 superstitionem
598 3585 734 3649 medicinae,
744 3580 772 3637 θ.
791 3587 871 3637 alaim
882 3603 956 3650 usque
967 3587 1212 3650 superstitutionemae
1224 3602 1271 3635 me-

146 3651 248 3716 dicinae,
260 3654 294 3704 V.
312 3654 392 3703 vicina
402 3654 587 3718 superstitionem
600 3672 629 3704 ae
640 3653 777 3717 moduinus,
789 3656 834 3705 nt.
858 3656 949 3705 vicinos
960 3671 1033 3720 usque
1044 3654 1231 3719 superstitionem
1243 3671 1273 3703 oe

146 3719 284 3783 medicinae,
296 3724 345 3772 R‘2.
373 3722 466 3771 vicinos
482 3738 555 3785 usque
570 3723 744 3786 superstitiones
761 3740 791 3773 oo
808 3722 946 3785 medicinae,
959 3719 988 3785 β.
1016 3722 1094 3772 vicina
1105 3739 1179 3787 usque
1190 3737 1272 3786 super·

146 3787 262 3837 stitionem
277 3806 307 3838 oc
322 3788 459 3852 medicinae,
476 3792 550 3854 le'·
578 3791 679 3840 vicinam
695 3808 768 3855 usque
783 3793 969 3856 superstitionem
981 3808 997 3840 a
1009 3790 1135 3854 medicina,
1149 3791 1271 3853 Gronau,

147 3856 219 3906 cuins
235 3866 273 3906 est
288 3873 305 3904 a
320 3856 445 3919 medicina,
462 3859 568 3922 reliquis
585 3875 599 3909 e
617 3860 690 3910 codd.
707 3861 800 3925 petitis.
825 3862 866 3912 De
884 3861 988 3923 Orpheo
1005 3860 1104 3910 medico
1122 3876 1145 3909 v.
1157 3859 1272 3910 Lobeck.

146 3925 266 3987 aglaoph.
278 3940 303 3988 p.
317 3930 375 3975 242.
397 3927 467 3977 Add.
484 3941 561 3991 supra
576 3930 591 3991 ξ
604 3934 628 3977 2.
648 3969 679 3978 ..
693 3936 838 3992 proveetum,
854 3919 994 3979 OVRTd.
1016 3928 1158 3992 profectum,
1169 3922 1219 3991 sir.
1239 3969 1271 3978 ..

146 4007 238 4056 erpere,
250 3994 305 4042 VR
313 3995 344 4042 ²d
356 3991 442 4055 (codd.
453 3991 524 4054 Gel.)
543 3994 643 4058 aspari,
655 3997 686 4047 T.
704 3996 817 4059 aspersis
827 3998 871 4047 at.
886 4037 914 4045 -
932 3995 1034 4058 Thrace,
1043 3997 1089 4048 Rd
1102 3995 1188 4060 (codd.
1199 3993 1272 4059 Gel.)

150 4059 250 4121 Troosn,
261 4062 295 4111 V.
318 4059 443 4123 Thracem,
455 4063 487 4112 T.
501 4061 626 4124 Thracio,
638 4064 671 4114 K.
689 4104 721 4113 -
732 4064 848 4127 fuissent,
860 4064 905 4114 R'.

180 4166 232 4227 §8.
254 4163 419 4224 Primus,R'.
437 4206 468 4213 ..
488 4162 553 4227 quod
562 4173 643 4226 exstet,
656 4166 769 4216 VRTd.
793 4164 857 4228 quod
866 4174 951 4228 exstat,
963 4169 996 4218 K.
1020 4161 1148 4227 exstatst.
1167 4206 1198 4216 ..
1217 4182 1271 4216 con-

146 4239 262 4282 mentatus
278 4240 319 4294 est,
336 4233 450 4284 VBTd.
477 4240 652 4296 commentatus,
668 4229 719 4297 βγ.
738 4275 767 4284 ..
794 4233 903 4295 Xerxen,
920 4235 982 4286 VR.
1010 4235 1125 4295 Xersem,
1143 4229 1215 4298 ᾱβγ.
