2918 4800
164 320 168 332 .
195 278 257 340 258
547 291 750 338 utrumuis
773 293 969 339 ursroumu

195 444 363 508 dicimus.'’
387 441 506 505 Iterum
529 441 564 505 id
586 443 742 508 accidisse
764 444 894 508 tradunt
914 467 987 509 cum
1002 443 1035 506 in
1050 444 1216 529 fastigium
1230 446 1317 511 eius·
1335 466 1366 508 ra

194 546 268 610 dem
296 543 421 609 delubri
449 554 658 629 praeparatae
685 545 861 631 quadrigae
888 545 1001 611 fictiles
1027 545 1062 608 in
1089 546 1217 612 fornace
1246 571 1317 613 cre-

194 647 331 724 vissent,
360 646 476 710 iterum
500 645 594 709 simili
618 647 712 711 modo
734 657 893 712 retentum
915 647 1094 734 augurium.
1128 647 1219 714 Haec
1241 651 1318 715 satis

194 749 258 813 sint
280 747 434 833 exemplis
456 758 493 811 ut
519 748 673 831 adpareat
700 759 895 814 ostentorum
917 750 995 815 viris
1018 760 1049 814 et
1071 750 1104 814 in
1125 762 1236 816 nostra
1257 775 1316 838 po-

194 861 308 916 testate
336 872 408 914 csse
434 871 472 913 ae
499 860 594 933 prout
622 872 768 934 quaeque
795 861 927 936 accepta
961 851 1026 915 sint
1052 850 1099 917 ita
1125 855 1241 917 valere.
1278 854 1363 918 In17

194 975 354 1039 augurum
382 961 468 1016 certe
502 950 672 1036 disciplina
704 963 828 1017 constat
863 974 966 1035 neque
999 953 1086 1018 diras
1119 977 1221 1038 neque
1250 955 1318 1020 ulla

193 1054 337 1139 auspicia
357 1053 517 1138 pertinere
539 1053 582 1116 ad
603 1074 658 1118 eos
679 1054 735 1136 qui
757 1075 916 1137 quamque
937 1077 1005 1119 rem
1026 1055 1243 1140 ingredientes
1258 1058 1317 1122 ob-

195 1179 339 1221 servasse
369 1179 407 1219 ea
436 1155 640 1241 negaverint,
673 1177 737 1239 quo
771 1178 902 1220 munere
937 1156 1065 1221 divinae
1098 1157 1317 1245 indulgentiae

193 1259 296 1323 maius
318 1252 439 1320 nullum
464 1266 522 1320 est.
547 1253 657 1336 Quid?
678 1279 743 1322 non
765 1268 797 1321 et
816 1259 925 1344 legum
941 1257 1085 1342 ipsarum
1099 1259 1132 1323 in
1147 1261 1316 1325 duodecim

194 1359 310 1424 tabulis
337 1356 434 1422 verbu
464 1368 554 1421 sunt:
589 1358 667 1442 „qui
692 1358 803 1447 fruges
832 1359 1047 1424 excantassit''
1074 1371 1106 1422 et
1133 1360 1209 1424 alibi
1240 1362 1316 1444 „qui

194 1461 313 1525 malum
335 1482 461 1524 carmen
482 1459 716 1524 incantassit’'l
738 1460 873 1526 Verrius
895 1460 1035 1525 Flaccus
1056 1472 1202 1527 auctores
1225 1463 1317 1546 ponit
1332 1479 1362 1523 ts

195 1561 312 1646 quibus
334 1561 443 1625 credat
463 1561 497 1624 in
519 1562 815 1647 oppugnationibus
837 1573 913 1627 ante
938 1563 1045 1627 omnia
1071 1563 1199 1628 solitum
1213 1588 1233 1627 a
1248 1563 1315 1630 Ro-

194 1663 296 1727 manis
318 1662 536 1728 sacerdotibus
559 1664 684 1727 evocari
707 1664 802 1728 deum
825 1665 916 1728 cuius
937 1663 972 1727 in
995 1666 1094 1728 tutela
1113 1665 1146 1728 id
1160 1665 1316 1750 oppidum

194 1776 279 1831 esset
299 1764 506 1848 promittique
527 1764 574 1828 illi
596 1765 734 1829 eundem
756 1776 813 1829 aut
834 1765 1021 1851 ampliorem
1043 1766 1132 1849 apud
1153 1765 1315 1832 Romanos

194 1867 329 1942 cultum3
359 1876 391 1931 et
412 1867 505 1930 durat
525 1866 559 1929 in
580 1866 766 1949 pontificum
788 1867 958 1952 disciplina
977 1868 1011 1930 id
1033 1889 1158 1932 sacrum
1173 1879 1315 1938 constat-

195 1990 258 2050 que
280 1968 353 2032 ideo
375 1968 570 2032 occultatum
591 1967 625 2030 in
647 1968 737 2031 cuius
760 1968 811 2032 dei
835 1969 935 2032 tutela
955 1967 1058 2032 Roma
1080 1980 1176 2046 esset,
1197 1993 1238 2034 ne
1260 1970 1316 2053 qui

194 2069 335 2135 hostium
357 2069 452 2134 simili
475 2070 570 2133 modo
593 2080 735 2157 agerent.
770 2069 880 2155 Defigi
903 2070 1033 2153 quidem
1056 2069 1135 2134 diris
1156 2072 1314 2156 precatio-
1332 2086 1362 2130 19

194 2171 289 2236 nibus
311 2194 403 2236 nemo
425 2193 490 2235 non
512 2171 643 2245 metuit;
673 2171 736 2236 huc
766 2173 904 2254 pertinet
931 2194 1064 2236 ovorum
1092 2194 1173 2255 quae
1203 2196 1315 2238 exsor-

194 2273 300 2337 buerit
330 2273 465 2357 quisque
499 2273 625 2355 calyces
659 2273 899 2356 coclearumque
939 2273 1087 2356 protinus
1120 2274 1227 2360 frangi
1260 2287 1317 2338 aut

194 2375 320 2438 eosdem
342 2373 540 2439 coclearibus
562 2373 729 2458 perforari.
752 2372 842 2438 Hinc
864 2373 1028 2439 Theocriti
1049 2376 1138 2460 apud
1161 2373 1315 2453 Graecos,

196 2473 316 2540 Catulli
338 2475 426 2560 apud
446 2498 504 2540 nos
526 2497 748 2560 proxumeque
763 2475 888 2561 Vergili
902 2476 1211 2542 incantamentorum
1226 2501 1315 2542 ama·

193 2576 274 2640 toria
300 2576 443 2640 imitatio.
476 2575 575 2640 Multi
606 2577 791 2665 figlinarum
824 2599 920 2662 opera
952 2577 1058 2662 rumpi
1091 2578 1227 2643 credunt
1259 2576 1315 2642 tali

194 2678 298 2755 mode,
331 2701 395 2742 non
426 2678 522 2762 pauci
555 2679 650 2742 etiam
684 2679 840 2764 serpentis
873 2680 960 2764 ipsas
995 2702 1144 2744 recanere
1174 2690 1205 2745 et
1230 2680 1340 2745 hunc»-

194 2802 295 2843 unum
327 2779 390 2843 illis
424 2802 494 2843 esse
526 2781 722 2845 intellectum
756 2780 961 2865 contrahique
990 2779 1175 2845 Marsorum
1207 2791 1314 2858 cantu,

228 2920 295 2980 §lta
313 2915 346 2978 id,
362 2921 393 2969 R.
420 2917 453 2980 in,
470 2918 505 2968 V.
531 2919 682 2981 hinad...
699 2919 838 2983 fastidium,
850 2921 884 2970 V.
904 2961 935 2969 -
957 2921 1159 2982 iterum,VR¹d.
1186 2929 1208 2968 et
1224 2919 1315 2981 iterum,

194 2980 289 3048 R²ssr.
308 3027 339 3035 -
358 2985 440 3048 simile,
453 2988 498 3036 R¹.
519 3028 548 3036 ..
568 2986 643 3049 modo,
655 2988 734 3039 VR'2.
753 3004 797 3050 mo,
810 2990 854 3039 at
873 3004 944 3048 more,
957 2990 1009 3039 Td.
1027 3030 1057 3038 .-
1077 2995 1171 3049 tentum,
1184 2989 1208 3037 d.
1222 3030 1253 3037 -
1272 2989 1314 3050 ita,

194 3054 294 3104 VR2d.
312 3053 389 3114 iutita,
401 3057 445 3105 R'.

227 3125 241 3185 §
257 3127 296 3172 17.
315 3138 388 3185 neque
400 3121 475 3183 diras,
488 3123 512 3171 R
525 3121 611 3183 (codd.
625 3120 695 3185 Gel.)
709 3124 797 3174 Omitt.
810 3125 865 3173 Vd.
879 3165 910 3173 ..
929 3124 972 3186 qui
981 3140 1106 3187 quamque,
1118 3125 1169 3175 Rd.
1189 3123 1314 3186 quicquam

194 3205 261 3252 quae,
274 3191 308 3239 V.
327 3231 359 3239 -
378 3191 521 3252 observasse,
537 3184 688 3241 OVR¹Ta
710 3193 876 3252 observarem,
889 3186 985 3254 R'2ssr.
1004 3195 1044 3241 Do
1057 3193 1150 3241 omisso
1163 3194 1314 3255 pronomine

193 3273 217 3304 se
229 3273 252 3305 v.
265 3261 296 3307 ad
310 3264 350 3318 33,
367 3262 422 3309 147.
442 3300 472 3306 -
491 3259 632 3322 repererim,
645 3260 699 3307 Vd.
720 3300 750 3308 ..
773 3258 838 3322 quod
851 3275 943 3307 monere
955 3257 1003 3308 dio.
1016 3257 1065 3308 ind.
1078 3260 1154 3307 maius
1165 3257 1248 3307 donum
1262 3258 1314 3307 reul-

194 3323 240 3374 lum
253 3333 293 3382 est,
306 3342 325 3374 r.
345 3368 375 3374 -
399 3325 543 3383 Quinetiam
556 3334 579 3373 et
590 3325 673 3390 lepum,
685 3343 704 3375 r.
719 3368 750 3377 ..
769 3326 920 3386 excantassit,
932 3326 999 3376 Pint.
1018 3334 1172 3388 exacuta-sset,
1183 3323 1313 3390 vadas.

195 3433 225 3441 ..
244 3393 391 3453 inmutauit,
404 3396 429 3443 V
438 3395 491 3443 'R'.
510 3394 663 3451 {recalescet
675 3391 843 3459 V²R²dssy.
867 3394 1011 3453 occecinerit,
1024 3396 1136 3444 Turneb.
1149 3397 1204 3443 adv.
1219 3400 1259 3455 22,
1275 3400 1313 3443 11.

194 3459 312 3510 Ceterum
324 3471 384 3523 post
395 3463 461 3511 banc
472 3476 562 3510 vocem
575 3470 693 3524 repetunt
704 3464 780 3511 verba
792 3470 814 3509 et
825 3461 885 3511 alibi
896 3462 938 3525 qui
948 3460 1035 3510 malum
1048 3464 1110 3513 VR.

227 3530 296 3591 518.
321 3527 458 3588 Verisa-V.
480 3569 510 3578 ..
529 3527 687 3588 deum,R'²d.
710 3528 813 3588 adeum,
826 3526 902 3580 VR¹.
922 3571 952 3578 -
969 3530 1128 3593 promittique,
1141 3532 1165 3579 d.
1187 3528 1314 3592 promittit·

194 3611 245 3658 que,
258 3597 320 3647 VR.
339 3638 369 3644 -
390 3595 534 3659 ampliorem,
546 3598 643 3647 VR¹d.
662 3613 700 3645 aru
719 3595 797 3645 liorem
810 3595 890 3658 baum,
903 3595 976 3659 R'lss.
997 3639 1027 3646 ..
1046 3606 1112 3661 aput,
1124 3600 1155 3648 R.
1170 3639 1199 3646 -
1219 3595 1312 3657 cultum,

193 3663 279 3713 VRd.
306 3663 430 3724 cultumve,
445 3660 474 3723 β.
499 3706 529 3712 -
554 3671 577 3710 et
592 3663 675 3725 durat,
718 3665 802 3714 VRd.
829 3663 912 3726 durat,
928 3660 957 3726 β.
982 3705 1013 3714 ..
1037 3664 1262 3729 pontificium,V².
1280 3706 1311 3713 -

193 3729 238 3789 dei,
250 3732 304 3780 Rd.
324 3730 422 3791 demum,
435 3733 461 3780 V
473 3748 505 3781 ex
520 3735 617 3781 emend.

228 3802 242 3863 ξ
262 3805 301 3848 19.
328 3799 403 3858 miris,
419 3801 470 3848 V2.
494 3841 524 3849 -
549 3798 736 3863 precationibus,
754 3794 907 3850 0VR¹Ta
935 3799 1143 3863 deprecationibus,
1161 3796 1257 3863 R2'ssr.
1281 3841 1312 3848 ..

193 3883 258 3914 nemo
271 3883 323 3926 nou,
333 3868 434 3916 VR'2d.
453 3883 591 3927 nemaeum,
604 3868 648 3916 R¹.
664 3907 693 3915 ..
711 3864 760 3927 boc,
770 3868 804 3916 V.
818 3909 848 3916 ..
868 3885 961 3915 ovorum
974 3884 1042 3930 quae,
1054 3870 1091 3917 ita
1102 3885 1148 3918 nos
1161 3869 1313 3932 scripsimus.

193 3951 340 3997 avorumque,
353 3935 478 3985 VRle.
496 3943 679 3997 atavorumque,
692 3936 740 3985 R².
763 3950 857 3983 ovorum
869 3944 902 3997 ut,
915 3937 988 3986 codd.
1001 3937 1114 3995 Barbari,
1125 3932 1176 3999 βγ.
1196 3976 1227 3987 ..
1245 3951 1313 3984 exor-

195 4002 276 4061 buerit,
289 4003 351 4051 VR.
372 4044 402 4051 -
421 4002 602 4065 coclearumque,
616 4006 639 4052 d.
658 4000 834 4065 coclearumque
851 4004 983 4052 exorbuerit
1000 4004 1104 4067 quisque,
1116 4006 1170 4054 VR
1186 4017 1200 4050 e
1218 4005 1314 4066 superi-

195 4071 279 4119 oribus
292 4073 358 4120 male
371 4080 521 4134 repetentes.
533 4111 564 4119 ..
577 4068 675 4131 eosdem,
689 4072 704 4119 d
717 4069 804 4131 (codd.
814 4072 942 4136 Barbari).
960 4070 1040 4134 isdem,
1051 4074 1113 4122 VR.
1125 4074 1211 4122 Verba
1223 4069 1313 4119 eosdem

193 4136 335 4185 coclearibus
352 4141 419 4189 delet
434 4141 502 4188 Pint.
521 4178 553 4186 -
579 4134 664 4198 Catuli,
678 4139 709 4188 V.
739 4136 816 4200 Calvi,
832 4141 919 4203 Unger
935 4145 965 4191 de
977 4142 1071 4203 Valgia
1085 4140 1152 4189 Rufo
1165 4157 1189 4204 p.
1203 4145 1260 4190 287.
1281 4180 1311 4188 ..

201 4203 299 4268 Vergili,
313 4207 374 4257 VR.
400 4204 505 4270 Virpilir,
518 4201 589 4268 dssr.
610 4245 640 4253 ..
658 4204 734 4254 Multi
741 4206 887 4270 fiplinarum
900 4225 979 4271 opera,
991 4210 1054 4259 VR.
1077 4207 1228 4272 Fipliuarum
1241 4223 1314 4270 opero

193 4271 267 4333 multi,
281 4269 352 4337 ἀβγ.
374 4316 403 4322 ..
422 4272 490 4322 modo
503 4289 556 4334 riou,
570 4275 643 4322 R'ld.
665 4289 709 4319 trau
722 4273 797 4331 niodo,
809 4276 851 4326 Rl.
875 4275 949 4336 niodo,
961 4277 994 4325 V.
1014 4316 1044 4324 ..
1064 4275 1134 4338 ipsos,
1147 4277 1177 4324 T.
1196 4317 1227 4324 -
1247 4291 1313 4323 recu-
