2918 4800
143 266 205 329 432
496 278 699 325 urrunnms
723 277 917 324 msroamn

146 430 274 498 Siciliae
297 430 385 495 fonte
399 428 548 506 Plinthia‚
571 440 608 493 ut
623 429 731 514 Apion
754 428 863 508 tradit,
893 439 924 494 et
944 428 978 492 in
999 428 1171 495 Medorum
1191 431 1264 496 lacu

143 544 302 620 puteoque
317 528 459 596 Saturni.
482 530 571 596 Fons
586 531 741 615 Limyrae
758 529 893 596 transire
916 531 995 621 solet
1017 530 1051 595 in
1072 531 1143 596 loca
1158 530 1265 596 vicina

144 633 336 721 portendens
364 631 502 716 aliquid,
535 632 713 716 mirumque
741 631 828 716 quod
855 652 928 696 cum
959 631 1103 717 piscibus
1132 632 1264 708 transit;

141 758 295 821 responsa
316 733 357 798 ab
378 732 428 798 his
451 743 564 818 petunt
586 733 707 798 incolae
728 732 800 797 cibo
815 754 910 817 quem
925 733 1055 817 rapiunt
1069 733 1263 809 adnuentes3

143 836 170 900 si
198 859 274 901 vero
301 844 451 900 eventum
477 844 605 920 negent,
634 833 744 900 caudis
770 834 913 920 abigunt.
951 833 1067 898 Amnis
1088 833 1209 898 Holcas
1231 831 1265 896 in
1278 852 1310 897 aa

142 934 297 1021 Bithynia
317 935 480 1020 Bryanum
503 935 615 1012 adluit,
637 989 679 999 ..
700 934 762 1000 hoc
790 944 823 1000 et
849 936 969 1019 templo
998 945 1030 999 et
1052 935 1113 1000 deo
1133 957 1263 1014 nomen,

142 1094 181 1102 ..
205 1039 296 1103 cuius
318 1036 480 1122 gurgitem
501 1035 623 1121 periuri
637 1047 796 1121 negantur
809 1036 878 1121 pati
893 1035 981 1100 velut
993 1035 1153 1100 flammam
1168 1058 1264 1100 uren·

141 1150 215 1204 tem.
243 1137 289 1201 Et
309 1138 342 1201 in
366 1134 542 1202 Cantabria
563 1137 665 1202 fontes
688 1137 847 1201 Tamarici
868 1137 901 1200 in
923 1136 1068 1223 auguriis
1089 1136 1263 1212 habentur3

142 1252 209 1330 tres
228 1247 301 1304 sunt
323 1237 447 1302 octonis
469 1237 608 1323 pedibus
630 1238 802 1316 distantes,
824 1238 859 1302 in
880 1261 980 1302 unum
1002 1238 1128 1303 alveum
1149 1248 1266 1304 coeunt

141 1349 233 1405 vasto
256 1338 374 1424 singuli
396 1361 488 1402 amne
495 1363 504 1416 3
536 1339 696 1404 siccantur
718 1338 912 1404 duodeciens
934 1338 1064 1417 diebus,
1093 1338 1264 1422 aliquando
1277 1355 1309 1400 24

142 1440 275 1517 viciens,
305 1439 384 1503 citra
413 1438 627 1525 suspicionem
648 1439 745 1504 ullam
766 1461 880 1524 aquae,
909 1462 982 1504 eum
1010 1438 1053 1504 sit
1078 1439 1202 1504 vicinus
1224 1439 1264 1504 iis

141 1541 213 1606 fons
235 1541 302 1606 sine
323 1539 558 1606 intermissione
579 1539 700 1629 largus.
734 1540 852 1606 Dirum
867 1552 917 1606 est
938 1564 1003 1606 non
1025 1539 1184 1627 profluere
1207 1560 1262 1604 eos

142 1642 308 1728 adspicere
337 1641 536 1719 volentibus,
567 1642 650 1707 sicut
678 1665 834 1728 proxume
861 1640 975 1706 Lartio
1003 1640 1130 1706 Licinio
1155 1641 1264 1726 legato

141 1754 216 1830 post
240 1753 437 1828 praeturam3
467 1754 542 1828 post
569 1754 691 1829 septem
719 1745 802 1808 enim
830 1743 899 1808 dies
920 1743 1048 1809 occidit.
1083 1741 1122 1806 In
1142 1741 1264 1806 Iudaea

141 1845 226 1911 rivos
249 1843 389 1909 sabbatis
411 1844 559 1909 omnibus
582 1844 729 1910 siccatur.

185 1948 235 2011 19.
257 1944 289 2009 E
311 1945 440 2010 diverso
462 1944 614 2012 miracula
636 1945 698 2009 alia
720 1943 800 2008 dira
825 1941 952 2010 Ctesias
972 1943 1007 2009 in
1021 1944 1176 2010 Armenia
1189 1943 1263 2008 fon·
1277 1959 1308 2004 25

142 2060 206 2113 tem
228 2069 298 2112 esse
321 2046 431 2112 scribit
452 2068 492 2111 ex
514 2069 577 2130 quo
598 2047 707 2132 nigros
734 2044 833 2131 piscis
860 2045 945 2112 illico
971 2057 1106 2111 mortem
1132 2045 1263 2110 adferre

140 2148 173 2212 in
196 2146 286 2226 cibis,
309 2202 351 2212 -
371 2147 458 2232 quod
480 2158 512 2213 ct
533 2147 618 2212 eirea
632 2146 763 2213 Danuvi
786 2157 933 2212 exortum
954 2146 1074 2226 audivi,
1097 2201 1138 2212 ..
1161 2147 1263 2210 donec

141 2250 287 2314 veniatur
319 2248 359 2313 ad
386 2248 504 2314 fontem
531 2249 622 2314 alveo
650 2247 845 2334 adpositum,
874 2247 931 2313 ubi
959 2247 1068 2313 finitur
1096 2248 1132 2312 id
1159 2269 1262 2334 genus

174 2425 242 2486 ξπ.
262 2420 362 2485 Sicilia,
374 2424 409 2473 V.
433 2464 463 2472 -
487 2420 611 2484 Plinthin,
629 2423 724 2474 Osann.
746 2423 773 2471 in
793 2422 978 2473 Schneidewin.
994 2421 1085 2486 philol.
1101 2426 1126 2478 3,
1142 2425 1187 2485 25.
1202 2420 1262 2470 coll.

141 2489 226 2540 Senes.
242 2499 324 2540 natur.
338 2498 434 2554 quaest.
447 2497 471 2552 3,
482 2497 526 2540 25:
546 2488 628 2550 „Erat
638 2490 663 2539 in
672 2488 759 2540 Sicilia
771 2487 863 2551 (fons),
873 2531 904 2539 -
916 2529 946 2540 ..
961 2489 985 2538 in
997 2505 1043 2552 qno
1054 2495 1140 2537 notant
1151 2486 1263 2537 lateres

142 2564 166 2605 et
176 2557 253 2621 meryi
259 2556 367 2620 proiecta
378 2573 424 2606 non
433 2565 540 2620 possunt,
553 2556 608 2606 licet
621 2557 709 2622 provin
719 2557 792 2607 sint.”
809 2556 918 2612 Pinthia.
934 2551 1022 2607 (ΝΒ.
1040 2555 1131 2617 Plritia,
1143 2558 1168 2605 d.
1186 2553 1262 2604 Pitin-

1019 2642 1027 2677 t
1096 2640 1109 2677 lt

142 2689 200 2751 mia,
212 2685 262 2754 βγ.
275 2733 306 2742 ..
319 2689 462 2752 Martiarum,
473 2693 508 2741 V.
522 2732 551 2740 ..
569 2700 691 2757 pomoque,
702 2693 778 2742 VR¹.
792 2733 822 2741 ..
841 2692 914 2751 Fons,
926 2692 983 2741 Vd.
996 2681 1038 2758 issi
1051 2689 1218 2752 antemissas,
1230 2690 1263 2739 R.

145 2757 265 2808 Tienmni
277 2758 393 2820 fons,T.
418 2757 603 2822 lemicensem,
621 2761 694 2810 codd.
711 2760 826 2809 Barbari.
853 2761 947 2810 Latere
964 2760 1063 2810 videtur
1078 2772 1171 2806 nornen
1188 2757 1263 2820 Lycii

140 2825 247 2875 alicuius
259 2827 343 2875 herois
355 2827 396 2875 vel
408 2827 526 2888 numinis,
539 2827 580 2876 eni
591 2827 647 2877 lons
657 2842 727 2877 sacer
735 2826 790 2877 fuit.
798 2868 826 2875 ,
834 2825 957 2891 Limyrae,
966 2827 1022 2877 VR
1033 2824 1120 2888 (codd.
1128 2823 1262 2887 Barbari).

142 2892 246 2957 Lymsie,
258 2895 289 2944 T.
306 2892 414 2958 Lynisie,
427 2897 450 2944 d.
470 2936 500 2944 ..
528 2894 656 2957 mirumque
673 2893 744 2957 qnod,
760 2896 805 2945 Rd
821 2892 908 2957 (codd.
926 2891 996 2953 Get.)
1013 2893 1143 2955 miramque
1159 2907 1213 2955 qno,
1225 2893 1261 2942 V.

142 2960 224 3008 mirum
237 2976 328 3022 qnoque
339 2968 374 3010 est
385 2959 454 3024 quod,
467 2963 500 3012 K.
520 3002 550 3010 ..
574 2978 694 3026 responsa,
708 2964 731 3012 d.
750 2969 833 3026 petam
849 2977 956 3025 repensa,
969 2962 1031 3012 vlt.
1056 3001 1087 3010 ..
1109 2957 1199 3020 canis,
1211 2960 1262 3008 11².

141 3026 236 3092 pandis,
247 3028 323 3078 VR¹.
339 3027 444 3093 gaudiis,
458 3031 482 3080 d.

175 3095 190 3156 ξ
203 3103 244 3145 23.
261 3094 362 3158 Holcas,
372 3097 406 3146 V.
423 3095 501 3158 Olens,
511 3096 535 3146 d.
548 3095 620 3158 olcas,
631 3097 657 3146 R
668 3094 725 3159 (sed
736 3091 836 3148 litterae
848 3113 861 3145 c
873 3095 1042 3160 suprascripta
1053 3102 1092 3145 est
1108 3093 1123 3142 t
1139 3102 1166 3144 et
1176 3095 1263 3144 littera

141 3162 203 3212 oita
214 3173 319 3226 mutata,
332 3172 360 3213 ut
372 3166 455 3215 scriba
462 3162 555 3213 Alcime
566 3180 671 3214 exarare
683 3165 792 3216 voluisse
803 3161 937 3225 videatur).
954 3160 1065 3222 olicias,
1073 3158 1125 3226 βγ.
1137 3203 1167 3211 -
1177 3161 1263 3226 Bryn-

141 3247 201 3291 cnm,
213 3233 238 3281 R
254 3231 335 3291 (acam
353 3248 386 3282 ex
403 3230 483 3294 corr.)
500 3231 627 3292 Brietium,
641 3233 673 3281 V.
690 3232 820 3293 Briecinm,
833 3234 848 3281 d
862 3229 950 3293 (codd.
962 3227 1090 3292 Barbari).
1109 3269 1140 3278 -
1159 3227 1202 3277 hoc
1213 3245 1263 3277 esse

143 3294 234 3361 templo,
246 3300 278 3347 V.
297 3297 339 3347 ioc
351 3307 385 3347 est
397 3298 488 3363 templo,
500 3300 582 3350 RTd.
599 3300 663 3350 Mihi
675 3300 773 3349 Plinius
790 3297 832 3348 hoc
844 3306 911 3348 estet
924 3296 1007 3360 templo
1018 3299 1116 3347 videtur
1124 3298 1262 3360 scripsisse.

142 3406 173 3415 -
193 3364 244 3422 deo,
256 3367 312 3415 Vd.
331 3364 369 3428 do,
382 3368 413 3416 R.
431 3407 463 3416 ..
480 3366 604 3430 percitam,
616 3367 729 3416 VRTd.
746 3365 848 3431 carpite,
865 3367 938 3416 codd.
950 3366 1063 3426 Barbari,
1074 3359 1104 3426 β.
1123 3404 1154 3412 -
1172 3379 1262 3428 neqan·

142 3441 187 3492 tur,
199 3433 312 3483 VRTd.
331 3440 451 3494 notantur,
464 3436 538 3484 codd.
549 3435 663 3494 Barbari,
672 3428 738 3493 ti-
746 3433 939 3496 velntflnmmnm
951 3443 1067 3492 urentem3
1079 3432 1143 3481 hsec
1153 3447 1193 3480 rr.
1205 3447 1262 3481 mo·

141 3501 225 3550 nacho
247 3502 347 3549 cuidam
364 3502 445 3550 deberi
461 3502 578 3551 videntur
593 3501 731 3550 inferorum
749 3516 783 3550 ex
800 3504 848 3551 fide
866 3501 1012 3552 Christiana
1022 3500 1136 3549 memori.
1153 3500 1263 3549 Prorsus

141 3576 200 3618 sunt
218 3569 301 3617 otiosa
318 3578 344 3617 et
360 3569 441 3631 ipsam
457 3576 607 3618 structuram
619 3568 728 3618 turbant.
748 3609 778 3618 ..
796 3566 832 3616 Et
843 3568 875 3630 in,
887 3569 971 3617 VRd.
988 3565 1027 3624 In,
1039 3582 1052 3615 r
1064 3565 1166 3628 (Ambr.
1179 3566 1200 3615 I.
1212 3565 1262 3630 IL)

143 3676 174 3684 ..
197 3633 386 3693 Tonanti-uae,
406 3637 460 3684 Vd.
488 3636 652 3695 Temenos-rc,
665 3636 695 3684 R.
718 3635 872 3696 Tomaritiae,
893 3636 985 3685 Ambr.
1006 3634 1027 3683 I.
1048 3634 1127 3683 11.-
1143 3633 1262 3698 cupariis,

146 3696 284 3752 OVRTd.
303 3702 411 3765 augurio.
422 3699 450 3763 β.
470 3743 501 3752 -.
520 3710 585 3751 vasto
597 3701 687 3767 sinynli
696 3718 772 3763 omne,
788 3696 897 3753 OVRT
902 3705 926 3752 d.
945 3711 1011 3751 vasto
1023 3717 1098 3761 amne,
1111 3697 1140 3762 β.

176 3771 190 3834 §
204 3776 244 3819 24.
261 3769 388 3828 siccantur,
400 3771 513 3821 VRTd.
531 3768 632 3834 sinqnlis
642 3769 768 3828 siccantur,
779 3766 809 3830 β.
830 3812 861 3821 ..
884 3767 1014 3830 duodecies,
1027 3771 1059 3820 B..
1077 3766 1199 3817 duodecim
1211 3783 1261 3830 cas,

142 3838 174 3887 V.
194 3835 323 3897 duodecim,
339 3840 363 3887 d.
385 3834 506 3899 duodenis,
524 3838 555 3887 T.
580 3878 611 3887 ..
634 3836 728 3898 viciens,
744 3838 806 3888 VR.
830 3836 925 3899 viconia
942 3838 995 3887 Td.
1019 3877 1050 3885 ..
1073 3836 1163 3887 vicinas
1175 3835 1262 3896 is‚R¹.

142 3903 232 3952 vicinas
244 3903 287 3965 his,
299 3892 349 3954 13¹².
367 3903 483 3963 υίοὶποείε,
495 3905 528 3954 V.
547 3903 672 3966 viciniosis,
684 3906 708 3954 d.
727 3904 817 3954 vicinas
828 3903 884 3966 iliis,
896 3901 946 3969 βγ.
960 3946 991 3954 -
1004 3903 1169 3962 intermisisse,
1181 3904 1215 3952 V.
1230 3945 1261 3954 ,-

142 3970 238 4032 Dimm,
256 3975 306 4027 R'2.
328 3971 428 4034 Mirum,
449 3966 600 4023 eumd.
625 4013 655 4022 ..
679 3971 814 4033 volentibus,
831 3973 929 4023 VR¹d.
952 3988 997 4020 non
1014 3970 1148 4031 volentibus,
1160 3972 1209 4020 Ra
1229 4013 1261 4020 -

143 4036 230 4086 Lartio
241 4038 335 4099 Licino,
346 4039 380 4088 V.
392 4080 423 4088 ..
430 4048 485 4103 post
492 4047 640 4104 praeturam,
652 4041 737 4091 VRd.
752 4048 808 4105 post
820 4048 944 4104 practura,
963 4034 992 4090 θ.
1012 4055 1057 4104 per
1068 4047 1216 4104 praeturam,
1228 4041 1261 4090 K.

141 4106 269 4168 praetorio.
288 4109 387 4156 Broter.
404 4109 441 4157 At
454 4109 553 4171 scripsit
568 4109 665 4159 Plinius
679 4124 719 4171 pr.
738 4124 778 4172 pr.
794 4109 810 4158 i.
828 4123 850 4158 e.
865 4124 912 4171 pro
920 4114 1045 4172 praetore;
1063 4123 1087 4157 v.
1103 4109 1261 4170 Marquardt.

143 4169 278 4221 Handbaclt
295 4172 337 4221 der
353 4173 424 4225 Rem.
441 4173 544 4225 Altertlt.
561 4175 610 4226 111.
626 4181 648 4226 l.
660 4191 685 4239 p.
698 4181 756 4228 282.
776 4215 806 4224 -
826 4182 883 4240 post
891 4183 978 4239 septem
990 4174 1048 4224 enim
1061 4173 1113 4223 dies
1124 4173 1216 4236 occidit,
1232 4167 1262 4224 θ.

140 4247 196 4303 post
206 4246 290 4303 septem
303 4239 352 4289 dies
363 4239 458 4304 occidit,
469 4238 599 4308 VRdssr.
