2918 4800
183 282 222 344 74
531 297 733 344 uaruaacrs
756 296 951 345 mesonma

182 471 303 534 nesque
324 448 438 514 omnis.
476 447 626 536 Volgaris
647 447 793 513 harundo
816 449 1041 514 extractoriam
1068 449 1134 513 vim
1155 448 1252 516 habet
1272 463 1306 517 et

182 575 296 617 recens
318 561 422 630 tunsa,
445 571 510 615 non
530 549 565 614 in
585 549 692 614 radice
714 560 854 629 tantum3
883 550 1018 615 multum
1041 551 1125 615 enim
1147 561 1180 615 et
1200 551 1306 637 ipsam

183 651 391 718 harundinem
414 652 519 717 valere
535 651 676 716 tradunt.
698 650 851 717 Medetur
865 661 897 717 et
916 651 1034 719 luxatis
1057 661 1088 717 et
1109 650 1222 737 spinae
1244 655 1304 721 do·

180 754 302 820 loribus
324 753 417 817 radix
437 752 470 816 in
492 762 584 817 aceto
604 751 705 829 inlita,
733 752 846 818 eadem
872 774 985 818 recens
1014 751 1089 818 trita
1116 764 1149 818 et
1174 754 1208 819 in
1229 756 1305 822 vino

180 867 257 943 pota
283 878 432 920 venerem
460 853 606 920 concitat.
648 851 876 918 Harundinum
900 855 1020 941 lanugo
1048 854 1140 920 inlita
1171 857 1304 924 auribus

180 957 332 1045 optundit
353 956 508 1021 auditum.

221 1060 272 1124 51.
296 1056 446 1144 Cognata
467 1059 502 1122 in
515 1055 667 1144 Aegypto
687 1080 739 1122 res
762 1069 810 1122 est
832 1057 1004 1123 harundini
1024 1080 1186 1145 papyrum
1207 1083 1302 1146 prae·
1317 1077 1349 1122 aa

178 1163 292 1249 cipuae
314 1159 461 1226 utilitatis
482 1182 557 1225 cum
575 1160 693 1223 inaruit
708 1158 750 1223 ad
763 1159 919 1224 laxandas
935 1158 1165 1245 siccandasque
1177 1161 1304 1228 fistulas

179 1274 211 1329 et
237 1260 480 1327 intumescendo
507 1261 549 1327 ad
577 1259 742 1327 introitum
770 1261 1075 1327 medicamentorum
1101 1263 1303 1348 aperiendas.

180 1364 301 1430 Charta
322 1386 404 1448 quae
424 1364 462 1428 fit
476 1386 516 1429 ex
532 1385 570 1428 eo
586 1374 726 1428 cremata
739 1364 823 1428 inter
838 1364 977 1429 caustica
991 1374 1056 1442 est3
1081 1363 1163 1430 cinis
1178 1365 1248 1430 eius
1263 1387 1304 1430 ex

178 1467 252 1533 vino
270 1477 368 1552 potus
384 1489 531 1530 somnum
550 1465 639 1544 lacit,
663 1465 735 1552 ipsa
750 1489 793 1531 ex
812 1488 895 1550 aqua
914 1465 1055 1550 inposita
1070 1467 1184 1532 callum
1200 1477 1302 1532 sanat.

221 1569 271 1634 52.
292 1567 344 1634 Ne
364 1568 398 1632 in
413 1567 567 1656 Aegypto
589 1566 718 1651 quidem
733 1567 876 1633 nascitur
890 1567 1046 1645 hebenus,
1066 1577 1103 1633 ut
1124 1569 1302 1646 docuimus,
1316 1584 1348 1629 aa

178 1692 239 1736 nec
260 1681 431 1736 tractamus
453 1669 487 1734 in
501 1669 661 1734 medicina
676 1668 796 1734 alienos
811 1669 913 1745 orbis3
936 1692 999 1735 non
1015 1669 1180 1734 omittetur
1195 1680 1302 1733 tamen

178 1784 311 1861 propter
332 1773 531 1838 miraculum.
561 1768 698 1837 Scobem
719 1771 789 1837 eius
811 1771 911 1836 oculis
931 1772 1025 1836 unice
1038 1771 1168 1863 mederi
1191 1771 1304 1836 dicunt

177 1876 329 1964 lignoque
349 1874 392 1940 ad
415 1885 519 1940 cotem
540 1873 616 1938 trito
631 1895 704 1937 cum
718 1895 812 1960 passo
828 1873 998 1960 caliginem
1013 1872 1138 1950 discuti,
1160 1894 1203 1938 ex
1217 1893 1303 1956 aqua

178 2000 255 2043 vero
275 1978 384 2043 radice
406 1976 576 2064 albugines
598 1975 774 2053 oculorum,
796 1975 873 2040 item
896 1975 1010 2041 tussim
1031 1974 1102 2062 pari
1116 1973 1212 2040 modo
1226 1973 1302 2039 dra-

178 2081 303 2146 cunculi
324 2078 443 2146 radicis
465 2078 590 2169 adiecto
613 2099 687 2142 cum
708 2077 811 2143 melle.
834 2075 1009 2143 Hebenum
1029 2076 1146 2143 medici
1167 2086 1200 2142 et
1219 2077 1302 2142 inter

179 2181 343 2247 erodentia
363 2183 549 2248 adsumunt.
1217 2227 1219 2230 ψ

221 2282 273 2346 53.
295 2282 552 2350 Rhododendros
573 2303 614 2347 nc
636 2303 750 2346 nomen
770 2282 901 2366 quidem
922 2280 1008 2366 apud
1023 2303 1082 2346 nos
1096 2279 1220 2347 invenit
1232 2279 1301 2344 La-
1316 2293 1349 2340 ao

178 2382 297 2458 tinum3
325 2383 577 2470 rhododaphnen
605 2394 722 2449 vocant
743 2393 799 2447 aut
819 2383 953 2448 nerium.
990 2381 1112 2446 Mirum
1135 2381 1211 2447 folia
1231 2380 1302 2445 eius

179 2481 415 2570 quadripedum
440 2505 600 2548 venenum
626 2505 712 2560 esse,
746 2482 866 2548 homini
900 2506 976 2549 vero
1007 2494 1118 2549 contra
1144 2482 1302 2568 serpentis

179 2583 379 2671 praesidium
400 2594 472 2648 ruta
494 2584 604 2648 addita
626 2607 644 2649 e
665 2585 740 2650 vino
762 2594 847 2670 pota.
873 2585 979 2650 Pecus
1002 2585 1099 2649 etiam
1122 2595 1153 2649 et
1175 2605 1302 2669 caprae,

181 2687 207 2753 si
222 2707 341 2770 aquam
356 2683 504 2763 biberint,
526 2686 560 2751 in
583 2707 647 2768 qua
668 2685 743 2749 folia
765 2689 802 2750 ea
822 2685 1015 2764 maduerint,
1037 2687 1117 2752 mori
1138 2686 1301 2750 dicuntur.

224 2789 275 2852 54.
303 2784 372 2851 Nec
393 2784 469 2852 rhus
489 2786 644 2852 Latinum
665 2808 781 2851 noman
803 2785 911 2864 habet,
934 2809 1006 2852 curn
1027 2788 1062 2850 in
1082 2809 1178 2852 usum
1199 2786 1301 2872 pluri-
1316 2800 1347 2846 91

181 2888 241 2954 bus
262 2887 367 2953 modis
388 2887 504 2955 veniat.
538 2886 622 2953 Nam
645 2896 677 2953 et
696 2887 796 2971 herba
817 2899 868 2953 est
890 2888 1055 2967 silvestris,
1083 2887 1166 2953 foliis
1193 2887 1301 2973 myrti,

213 3069 238 3110 ot
253 3077 341 3124 recena,
352 3063 428 3113 Vud
451 3077 536 3124 roccus,
547 3079 566 3113 r.
586 3102 617 3112 ..
635 3060 718 3122 multu,
730 3061 761 3112 Τ.
781 3103 812 3112 -
831 3070 854 3110 et
867 3061 946 3126 ipsam
957 3060 1122 3125 harundinum,
1134 3062 1190 3111 V-a.
1207 3058 1237 3109 ds
1250 3061 1304 3124 ίρεα

181 3128 322 3190 harundine,
335 3131 389 3181 Τά.
403 3171 433 3180 ..
445 3127 530 3192 odore,
540 3130 625 3180 omitt.
637 3131 742 3181 vrso
757 3133 788 3180 ⁴.
803 3128 903 3190 dobree,
915 3126 990 3181 Vbd.
1004 3171 1036 3180 ..
1054 3139 1077 3179 et
1088 3129 1113 3178 iu
1124 3129 1186 3188 nno,
1198 3129 1304 3180 vrso.

181 3197 206 3247 ia
218 3197 280 3259 uino,
292 3193 345 3262 βγ.
365 3238 396 3247 -
414 3195 494 3259 duaa,
506 3212 523 3261 r
534 3198 595 3248 vitio
609 3213 751 3263 operarum.

214 3265 282 3325 §88.
310 3265 426 3330 (loquuta,
442 3267 544 3317 Barbar.
568 3263 678 3331 Copuitc,
693 3258 796 3316 &Vna
819 3266 936 3318 (laterum
949 3282 972 3315 v.
985 3267 1101 3315 Dioscor.
1116 3272 1139 3326 1,
1154 3269 1209 3314 115.
1230 3304 1260 3312 -
1279 3263 1305 3310 iu

180 3331 387 3398 Aeqypto,Vad.
414 3334 529 3398 demto,
545 3326 573 3383 θ..
598 3375 630 3384 -
655 3342 703 3395 est,
722 3350 773 3384 om.
790 3327 818 3384 θ.
843 3375 874 3384 ..
899 3350 1024 3398 pappum,
1041 3349 1062 3382 a.
1089 3332 1204 3396 ipsarum,
1219 3324 1303 3380 OVd.

177 3397 474 3467 papyrua,Barbur.15r.
494 3441 524 3450 ..
548 3401 671 3464 tremuerit,
683 3420 703 3452 r.
724 3443 754 3451 -
778 3400 814 3450 cd
827 3400 947 3451 laxandas
963 3398 1150 3464 operiendusque
1158 3396 1259 3460 fistulae
1271 3396 1306 3446 ad

181 3468 301 3518 inunitam
317 3467 535 3518 medicamentorum
550 3468 721 3532 docendoque
736 3470 760 3518 iu
777 3468 929 3529 urmesccuda
940 3471 1008 3520 Pint.
1027 3509 1057 3518 -
1082 3463 1258 3527 tntummodo,
1271 3466 1304 3517 V.

182 3536 301 3588 cauam
318 3537 363 3586 rix
378 3537 476 3598 dubito,
494 3538 555 3600 quin
570 3537 595 3586 in
607 3534 751 3586 tumescendo
762 3539 795 3588 sit
807 3539 977 3588 scribendum:
1004 3545 1046 3597 „et
1061 3538 1094 3585 ud
1109 3535 1207 3586 fistulas
1223 3534 1249 3582 in
1266 3541 1305 3584 tu·

182 3608 318 3658 mesccndo
329 3605 346 3653 i.
356 3618 378 3653 e.
391 3620 448 3655 cum
461 3611 559 3654 tument
571 3605 742 3669 aperiendas?
760 3620 791 3652 ea
800 3620 837 3666 ao,
850 3605 906 3654 Vd.
925 3618 954 3653 ex
966 3619 1001 3664 eu,
1014 3599 1084 3668 αβγ.
1099 3643 1130 3651 ..
1147 3601 1269 3662 somnium,
1282 3617 1305 3650 a.

216 3676 285 3736 §89.
303 3671 353 3731 Ne,
364 3689 387 3722 a.
405 3673 493 3724 Omitt.
506 3673 561 3723 Vd.
580 3713 612 3722 ..
630 3672 737 3731 hebenus,
749 3673 803 3722 Va.
828 3672 920 3732 ebenus,
933 3667 1003 3735 dssr.
1026 3711 1055 3719 ..
1080 3668 1199 3719 docuimus
1213 3673 1305 3728 1217.

183 3740 241 3789 coll.
253 3741 373 3791 Dioscor.
388 3739 481 3802 Lm.
501 3779 532 3789 -
550 3738 696 3800 miracolum,
708 3740 742 3789 V.
762 3780 793 3789 ..
810 3755 878 3803 poso,
890 3740 924 3789 V.
943 3779 974 3787 ..
993 3737 1085 3796 ducati,
1097 3738 1181 3787 VTd.
1203 3735 1306 3795 damu,

183 3803 254 3872 αβγ.
274 3849 305 3858 ..
324 3805 482 3867 amatu,
494 3823 517 3858 a.
695 3858 697 3862 Α
1128 3830 1130 3835 ¹

217 3877 286 3939 590.
313 3872 493 3936 madum,
505 3876 538 3926 V.
558 3914 589 3924 ,.
611 3871 790 3937 rhododnfnern,
803 3877 827 3924 d.
847 3914 878 3923 -
898 3873 1014 3938 predium,
1026 3891 1049 3924 a.
1070 3915 1100 3924 ..
1123 3870 1241 3932 additae,
1259 3874 1306 3921 ad.

184 3940 275 4003 addite,
286 3943 320 3993 V.
340 3985 371 3994 -
388 3959 446 4007 quta,
459 3944 513 3994 Va.
530 3958 603 4006 aqua,
614 3943 640 3991 d.
660 3983 691 3991 -
709 3939 850 4002 maduerint,
862 3942 895 3992 V.
909 3940 1068 4002 masania,
1080 3945 1105 3992 d.
1119 3938 1269 3999 adramium,
1283 3954 1306 3987 a.

218 4013 233 4074 §
246 4017 286 4061 91.
305 4027 355 4060 cum
369 4010 395 4058 in
406 4027 480 4072 urum,
493 4011 547 4061 Vd.
566 4010 715 4070 cumiuorum,
726 4024 751 4059 a.
764 4051 795 4060 ..
814 4009 989 4074 cantuumque,
1001 4025 1025 4058 a.
1042 4051 1073 4063 ..
1092 4026 1161 4073 quac,
1177 4003 1306 4059 GVTad.

185 4094 245 4141 quoe
257 4086 386 4139 caucanet,
398 4073 428 4140 β.
448 4119 478 4128 ..
498 4076 598 4137 taenias,
613 4071 641 4126 θ.
670 4078 801 4138 τεηεαεΝ.
825 4085 928 4138 uncant,
941 4095 963 4128 a.
992 4077 1070 4138 tiniae,
1083 4080 1107 4127 d.
1132 4069 1306 4138 tiucuaTssr.

188 4185 218 4196 .,
237 4145 392 4206 annonarias,
404 4161 428 4195 a.
448 4186 478 4195 ..
497 4143 612 4208 diuitum,
624 4145 699 4195 Vad.
719 4187 749 4194 -
768 4153 804 4206 ut;
822 4162 867 4209 pro
880 4146 906 4194 h.
918 4162 941 4195 r.
954 4147 1050 4195 habent
1061 4153 1083 4193 et
1094 4146 1170 4194 Vad.

220 4211 288 4272 §aa
314 4212 435 4273 rhodad.
463 4211 547 4272 ruebat,
559 4213 593 4260 V.
617 4213 734 4264 Ceterum
750 4215 1013 4273 v.Dioscor.l,147.
1031 4254 1062 4263 ..
1084 4210 1174 4261 alm.
1197 4210 1231 4260 Aa
1246 4225 1308 4273 quac

185 4279 355 4345 phapadaeaus
367 4288 457 4341 vocant,
465 4279 534 4345 solio
546 4279 695 4330 uita-cum
707 4289 772 4330 aceto
783 4288 878 4340 acuant,
887 4281 932 4330 11¹.
947 4321 976 4330 ..
989 4279 1053 4329 uiua
1063 4295 1115 4328 cun
1127 4277 1236 4342 mallei<
1244 4283 1261 4328 ².
1277 4319 1306 4327 -
