2918 4800
189 281 250 344 122
536 260 741 344 rsrua'ams
763 295 960 342 msronrsn

228 447 281 512 23.
309 447 430 512 Album
451 457 619 532 optumum
639 447 727 531 qnod
748 447 913 513 celerrime
940 457 1048 511 movet
1075 457 1305 526 sternumenta,
1320 463 1352 508 se

185 549 244 614 sed
271 549 406 613 multum
431 546 605 614 terribilius
632 549 736 635 nigro,
764 549 938 634 praecipue
963 547 992 612 si
1017 547 1092 632 quis
1117 547 1307 634 adparatum

184 663 372 735 poturorum
393 649 481 735 apud
502 650 653 734 antiquos
665 652 754 738 legat
768 662 881 715 eontra
892 648 1052 727 horrores,
1074 649 1305 736 strangulatum,

183 751 426 838 intempestivas
441 752 544 817 somni
562 752 651 829 viris,
674 752 837 838 singultus
849 751 991 816 infinitos
1004 762 1062 815 aut
1076 761 1307 826 sternumenta,

184 853 339 919 stomachi
361 853 596 933 dissolutiones,
626 853 783 919 tardiores
805 852 944 919 vomitus
965 864 1022 918 aut
1043 852 1215 940 longiores,
1236 851 1305 918 exi-

183 978 266 1042 guos
287 953 344 1021 aut
365 955 497 1031 nimios3
518 954 642 1039 quippe
664 954 727 1020 alia
748 955 827 1020 dare
841 954 926 1022 soliti
938 977 1023 1039 qnae
1037 953 1233 1019 concitarent
1247 974 1305 1016 vo·

183 1056 331 1122 mitiones
352 1057 524 1142 ipsumque
543 1055 741 1122 helleborum
763 1056 968 1122 extraherent
987 1055 1230 1122 medicamentis
1250 1065 1308 1119 ant

184 1156 389 1243 clysteribus,
411 1159 539 1245 saepius
553 1158 650 1224 etiam
672 1158 829 1247 sangiune
841 1159 934 1224 venis
948 1158 1066 1225 emisso
1071 1183 1081 1234 3
1104 1158 1170 1222 iam
1183 1179 1260 1222 vero
1274 1166 1307 1221 et
1320 1173 1350 1218 57

183 1281 256 1325 eram
277 1281 432 1346 prospere
453 1259 558 1339 cedat,
585 1260 719 1326 terribili
740 1260 824 1338 visu,
851 1260 952 1327 variis
978 1260 1138 1327 coloribus
1158 1258 1305 1327 vomitio-

182 1384 262 1425 num
282 1371 316 1427 et
335 1372 409 1448 post
422 1362 611 1428 vomitiones
626 1361 849 1428 observatione
863 1362 938 1442 alvi,
961 1362 1160 1428 balinearum
1174 1359 1306 1444 dispen-

185 1461 316 1541 satione,
340 1464 439 1530 tutius
460 1464 603 1550 eorporis
624 1486 712 1540 cura,
733 1464 941 1530 antecedente
962 1464 1070 1530 omnia
1090 1462 1169 1528 haec
1188 1483 1307 1549 magno

183 1575 305 1630 terrore
331 1565 450 1641 iamae3
476 1586 614 1648 namque
635 1565 765 1629 tradunt
786 1565 912 1630 absumi
933 1565 1049 1644 carnis,
1076 1565 1105 1631 si
1130 1573 1308 1647 coquantur

184 1687 258 1730 una.
294 1661 361 1731 Sed
386 1664 589 1749 antiquorum
615 1665 728 1732 vitium
754 1676 832 1746 erat,
861 1666 949 1751 qnod
970 1675 1102 1752 propter
1122 1665 1181 1731 hoe
1202 1675 1309 1729 metus

184 1765 314 1850 melus
344 1765 475 1845 dabant,
504 1787 580 1833 cum
607 1766 742 1834 celerius
764 1778 910 1853 erumpat
930 1789 994 1851 quo
1014 1767 1138 1851 largius
1159 1765 1306 1831 sumitur.

184 1865 361 1934 Themison
383 1867 477 1934 binas
496 1889 561 1936 non
582 1867 721 1953 amplius
742 1868 911 1934 drachmas
927 1868 1059 1946 damvit,
1083 1876 1253 1950 sequentes
1275 1874 1308 1931 et
1321 1883 1352 1926 ss

184 1979 357 2052 quaternas
378 1970 496 2035 dedere
522 1970 607 2035 claro
627 1969 800 2054 Herophili
821 1969 1003 2055 praeconio,
1032 1969 1089 2053 qui
1108 1968 1307 2034 helleborum

184 2069 463 2153 fortissimi‚ducis
485 2070 688 2136 similitudini
708 2071 887 2154 aequabat3
917 2070 1085 2136 concitatis
1113 2069 1200 2135 enim
1218 2068 1307 2133 intus

184 2169 334 2236 omnibus
354 2171 461 2256 ipsum
482 2171 652 2257 inprimis
673 2173 771 2237 exire.
807 2171 983 2237 Praeterea
1002 2171 1120 2237 mirum
1140 2171 1307 2237 inventum

184 2281 243 2349 est,
265 2270 352 2356 quod
372 2271 509 2335 incisum
530 2271 696 2349 forficulis,
720 2283 757 2335 ut
778 2272 928 2350 diximus,
951 2271 1106 2351 cribrant3
1129 2282 1239 2336 cortex
1253 2293 1306 2335 re·

184 2382 302 2448 manet,
322 2370 384 2437 hoc
405 2371 560 2450 inaniunt,
582 2372 721 2439 medulla
734 2373 829 2451 eadit,
850 2373 929 2438 haec
949 2373 984 2438 in
1004 2373 1103 2437 nimia
1116 2372 1307 2458 purgatione

185 2471 260 2535 data
281 2471 471 2536 vomitiones
493 2472 587 2536 sistit

229 2573 279 2635 24.
303 2568 492 2637 Cavendum
514 2582 563 2638 est
584 2573 669 2638 felici
689 2595 816 2658 quoque
837 2597 914 2640 cura
934 2596 975 2639 ne
998 2574 1108 2640 nubilo
1128 2574 1181 2639 die
1196 2573 1305 2648 detnr3
1320 2588 1370 2633 se·

184 2671 368 2757 inpetibiles
393 2672 513 2760 quippe
542 2675 702 2740 cruciatus
729 2676 896 2741 exsistunt.
940 2675 1024 2741 Nam
1052 2684 1172 2740 aestate
1198 2674 1307 2762 potius

186 2840 311 2908 radpluou
328 2839 423 2895 ἐλαίου
439 2844 661 2914 καταχρώμενος,
679 2849 792 2899 Diosoor.
815 2847 933 2912 lterepiee,
944 2849 1032 2898 Va²d
1049 2848 1137 2910 (codd,
1149 2847 1256 2898 Salmas.
1276 2848 1307 2896 de

187 2912 248 2974 hyle
259 2927 284 2976 p.
301 2918 356 2964 loe.
375 2929 398 2963 a.
415 2913 460 2976 B.)
485 2913 656 2979 hudeprheR
682 2913 805 2978 luropide,
822 2919 858 2965 at
882 2915 945 2965 terrio
959 2915 1020 2979 pice,
1035 2918 1150 2966 Murbac.
1180 2913 1307 2975 sedeloco,

186 2979 252 3028 Pint
270 2994 323 3028 seo
332 2979 395 3044 picis
405 2980 443 3030 vel
452 2998 503 3030 uum
512 2981 637 3046 pbrehw,
650 2979 757 3032 Salmas.
769 3022 799 3031 -
811 2982 855 3043 vel,
864 2984 898 3033 V.
916 2982 986 3044 velut,
998 2984 1065 3035 Rad
1077 2982 1163 3046 (codd.
1173 2980 1306 3044 Salmas).

221 3062 236 3125 b
249 3068 289 3114 te.
307 3061 404 3126 Aluum,
415 3065 449 3116 V.
462 3106 493 3116 ..
506 3072 672 3126 sternumento,
683 3065 765 3116 Vlla
783 3073 974 3127 sternutamenta,
987 3061 1036 3128 ἀβ.
1050 3108 1082 3116 ..
1093 3066 1123 3129 si,
1136 3069 1210 3118 Rad.
1222 3073 1264 3128 eet,
1272 3065 1307 3116 V.

188 3171 219 3179 -
233 3138 380 3194 putaremur,
388 3132 422 3183 V.
444 3140 548 3197 potuum,
560 3136 585 3184 d.
602 3174 634 3183 ..
653 3140 753 3195 cenum,
769 3137 793 3184 d.
812 3177 844 3184 -
863 3135 1031 3199 ἰηίειηρεείίαΐ,
1046 3135 1079 3184 R.
1098 3175 1129 3186 ..
1149 3133 1219 3196 vires,
1231 3134 1307 3184 Vad.

186 3212 264 3260 aurea
277 3199 309 3249 R.
329 3240 360 3250 ..
377 3198 569 3264 sinpulurs,VB.
588 3243 619 3250 -
638 3207 669 3262 et,
680 3201 713 3252 K.
725 3242 755 3250 ..
768 3208 935 3264 sternumenta,
951 3196 1097 3253 0V¹Rarl
1114 3207 1308 3261 sternutamento,

186 3262 262 3328 Ἦβ.
280 3307 312 3317 ..
330 3265 445 3317 emindii
460 3266 593 3328 solutiones,
609 3269 672 3319 VB.
690 3310 722 3319 ..
747 3267 875 3332 tardiores,
891 3287 914 3320 a.
933 3269 1022 3321 Omitt.
1039 3269 1127 3320 VRd.
1146 3310 1176 3318 ..
1195 3267 1255 3317 dore
1270 3282 1308 3315 so·

187 3331 236 3396 liti3
252 3335 318 3384 Prin.
335 3336 464 3405 scripsisse
480 3337 579 3387 ridetur
593 3334 652 3385 dare
667 3335 760 3400 solitos3
781 3338 890 3401 pertinet
907 3337 957 3387 hoe
973 3337 1134 3402 participium
1149 3337 1183 3387 ad
1199 3335 1309 3398 antiquos

187 3415 221 3451 se.
239 3402 361 3453 medicos.
380 3442 412 3452 ..
430 3400 555 3465 eleborum,
567 3404 600 3454 V.
621 3445 651 3452 -
669 3403 772 3464 semitm,
782 3404 817 3455 V.

221 3487 236 3548 §
249 3486 290 3536 5⁷.
309 3484 517 3546 tertulllianus.
540 3486 722 3550 annitente,
738 3483 876 3540 OVRTd.
895 3487 1010 3537 terribilis
1021 3487 1093 3548 uuus,
1105 3489 1221 3538 Murbsc.
1240 3486 1309 3534 tmi-

189 3550 274 3601 bilibus
289 3561 319 3614 et,
336 3569 356 3603 r.
384 3552 525 3602 terribilibus
541 3552 600 3616 uhu,
612 3555 645 3606 Κ.
663 3597 694 3604 -
722 3554 903 3604 obsecutiones
919 3554 976 3615 olei,
994 3556 1027 3605 V.
1046 3554 1208 3605 obseruatione
1229 3553 1309 3613 malui,

188 3620 219 3669 ll.
242 3661 272 3669 ..
296 3618 442 3681 balnearum,
455 3624 479 3670 d.
508 3661 539 3671 ..
566 3619 603 3669 elis
620 3622 743 3684 mutium,
756 3624 790 3672 V·
817 3664 848 3672 -
876 3639 969 3688 mepte,
982 3623 1056 3673 Rad.
1080 3638 1176 3685 mappa,
1192 3614 1252 3671 BV.
1276 3661 1307 3669 ..

188 3701 279 3747 mmes,
294 3680 581 3806 OJRIZTdfflraemffi
610 3704 636 3754 r.
650 3731 681 3741 ..
695 3697 833 3754 coquuntur,
845 3690 899 3740 Tu,
917 3697 1039 3753 coquatur,
1052 3684 1182 3754 VRassr.
1199 3690 1233 3738 V.
1244 3689 1259 3752 ς
1269 3691 1309 3738 67.

191 3793 221 3802 -
240 3769 295 3816 ow,
387 3772 427 3819 ·s
476 3772 518 3819 ,a

223 3833 291 3896 §aa
313 3836 444 3902 Memnon,
456 3855 479 3891 a.
502 3839 627 3903 netues,
640 3837 750 3892 OVRd.
776 3882 806 3905 ÷
829 3840 929 3902 dotavit,
942 3841 1024 3892 VRa.
1047 3838 1120 3901 dedit,
1133 3842 1186 3891 Td.
1204 3838 1309 3899 donauit,

190 3902 240 3953 Kr.
260 3943 290 3953 ..
312 3904 471 3970 similitudine,
483 3924 507 3959 a.
521 3907 659 3973 fortissimo
670 3907 726 3958 duci
735 3907 895 3970 similitudine,
907 3910 983 3970 Pint,
1005 3909 1048 3972 qui
1059 3916 1189 3973 praeterea
1200 3904 1310 3956 similitu-

191 3967 246 4018 dine
258 3970 334 4023 deleri
343 3975 405 4023 vult.
424 4015 455 4025 ..
474 3975 587 4039 omnibus,
598 3993 621 4027 a.
639 3976 748 4037 omnium,
760 3977 844 4029 VBd.
858 4017 890 4031 .,
903 3975 1058 4040 inprimis-
1066 3975 1172 4036 incuum,
1184 3991 1206 4025 a
1220 3974 1311 4026 Omitt.

191 4037 318 4155 3²5⁰]
336 4036 463 4108 elisimusb
477 4049 558 4096 58...
575 4043 749 4107 tribuatvll.
771 4085 800 4094 ..
820 4043 905 4106 lona.
928 4041 980 4106 tue,
996 4043 1061 4095 VR.
1085 4041 1153 4104 lunc,
1166 4042 1251 4093 TKd.
1280 4080 1310 4090 -

285 4141 293 4165 ,
318 4141 325 4154 .

227 4185 241 4248 i
255 4193 295 4240 bl.
312 4188 442 4255 inpetibiles
454 4195 549 4261 quippe,
564 4189 586 4244 θ
590 4197 615 4248 V
621 4197 703 4249 RTd.
725 4195 861 4261 impatibiles
873 4212 971 4260 quoque,
984 4211 1006 4245 a
1029 4195 1115 4259 quippe
1126 4191 1274 4259 inpetibiles,
1285 4207 1310 4256 γ.
