2918 4800
192 287 253 350 172
455 302 463 311 ‘
544 299 749 349 insuasum
770 300 967 348 fflsronme

190 459 243 523 25.
265 458 342 522 item
362 453 464 521 herba
484 453 664 518 chalcetum
686 475 704 517 e
726 452 866 519 vinaceis
887 451 1024 518 contrita
1045 452 1218 538 inponitur.
1247 451 1313 515 Fa-

190 558 261 624 cilis
283 567 425 643 praestat
446 554 636 622 vomitiones
663 553 755 618 radix
776 552 967 621 Vettonicae
987 553 1142 619 hellebori
1163 553 1258 618 modo
1278 577 1313 617 rv

188 659 348 727 drachmis
374 657 408 722 in
435 679 532 742 passo
560 667 616 722 aut
643 657 760 734 mulso,
786 656 947 742 hysopum
974 655 1084 720 tritum
1109 677 1183 719 curn
1207 654 1312 733 melle,

188 762 297 829 utilius
319 769 526 846 praesumpto
547 757 706 823 nasturtio
727 768 784 821 aut
808 757 922 837 irione,
949 756 1175 822 molemonium
1201 757 1313 821 denari

187 863 341 950 pondere,
369 872 401 926 et
423 858 548 945 sillybi3
577 859 618 924 iis
646 860 768 924 lacteus
793 881 889 924 sucus
912 857 968 944 qui
989 858 1143 924 densatus
1164 859 1199 923 in
1221 881 1312 924 cum·

187 964 265 1029 mim
291 963 427 1029 sumitur
455 983 528 1026 cum
555 960 648 1026 melle
675 983 774 1045 supra
802 960 889 1026 dicto
912 959 1053 1044 pondere
1074 961 1313 1046 praecipueque

188 1064 286 1131 bilem
308 1064 416 1129 trahit.
452 1061 579 1127 Rursus
603 1061 721 1128 sistunt
742 1061 949 1128 vomitionem
970 1061 1134 1126 cuminum
1155 1062 1313 1138 silvestre,
1326 1078 1356 1123 (ι

186 1166 376 1233 Vettonicae
390 1163 503 1241 launa,
526 1176 696 1229 sumuntur
718 1186 759 1229 ex
773 1184 874 1248 aqua3
897 1162 1083 1250 abstergent
1096 1163 1226 1227 fastidia
1240 1187 1313 1227 cru·

187 1267 368 1351 ditatesque
382 1265 534 1352 digerunt
548 1263 699 1343 daucum,
715 1264 908 1331 Vettonicae
923 1264 1029 1328 farina
1042 1287 1084 1328 ex
1098 1286 1183 1348 aqna
1196 1265 1312 1343 mulsa,

187 1369 343 1454 plantago
365 1366 497 1432 decocta
517 1366 658 1432 caulium
679 1366 785 1432 modo.
807 1364 979 1452 Singultus
992 1365 1188 1431 hemionium
1211 1365 1312 1443 sedat,
1410 1406 1413 1411 -

187 1468 265 1534 item
287 1468 499 1546 aristolochia,
522 1468 662 1553 suspiria
676 1468 853 1551 clymenus.
880 1467 1064 1533 Pleuriticis
1085 1478 1116 1530 et
1136 1467 1312 1553 peripneu-

188 1570 323 1634 monicis
344 1570 543 1636 centaurium
565 1569 679 1646 maius,
701 1570 778 1634 item
799 1569 960 1656 hysopum
982 1569 1115 1648 bibitur,
1137 1569 1314 1655 pleuriticis

189 1670 369 1757 peucedani
392 1694 499 1736 sucus.

232 1773 283 1836 26.
307 1770 412 1837 Halus
433 1784 552 1850 autem,
575 1794 671 1855 quam
687 1769 775 1837 Galli
797 1772 838 1838 sil
854 1783 977 1850 vocant,
999 1771 1120 1838 Veneti
1134 1784 1313 1850 cumaeam,
1329 1787 1361 1832 ea

188 1872 334 1938 medetur
354 1873 457 1952 lateri,
486 1874 563 1938 item
589 1874 720 1939 renibus
743 1874 965 1960 convolsisque
991 1886 1023 1939 et
1049 1872 1171 1960 ruptis3
1201 1873 1313 1938 similis

189 1988 240 2042 est
261 1975 384 2041 cunilae
407 1975 557 2053 bubulae,
581 1976 802 2042 cacuminibus
824 1977 946 2062 thymo,
974 1976 1077 2043 dulcis
1099 1987 1133 2041 et
1154 1975 1240 2042 sitim
1262 1998 1314 2040 se·

189 2077 281 2154 dans,
303 2078 420 2144 radicis
442 2077 519 2143 alibi
541 2076 644 2154 albae,
666 2077 743 2143 alibi
765 2078 887 2164 nigrae.

232 2179 282 2243 27.
304 2179 446 2246 Eosdem
468 2180 603 2244 effectus
625 2179 659 2242 in
680 2179 789 2244 lateris
804 2179 968 2246 doloribus
988 2179 1085 2245 habet
1106 2179 1316 2265 chamaerops

189 2280 322 2365 myrteis
345 2282 431 2347 circa
451 2281 552 2347 caulis
574 2281 712 2368 geminis
740 2281 837 2360 foliis,
868 2282 1029 2368 capitibus
1053 2280 1233 2348 Graeculae
1260 2304 1315 2346 ro-

190 2403 255 2457 sae,
278 2404 319 2446 ex
341 2382 415 2446 vino
436 2393 522 2465 puta.
544 2381 743 2448 Ischiadiuos
765 2382 891 2450 dolores
914 2396 947 2448 et
969 2384 1080 2469 spinae
1100 2383 1188 2455 levat
1208 2383 1316 2470 agari·

190 2505 264 2548 cum
284 2493 396 2569 potum
416 2494 453 2546 ut
474 2483 507 2546 in
529 2483 622 2562 tussi,
645 2484 721 2549 item
737 2484 918 2551 stoechadis
939 2494 995 2549 aut
1008 2484 1198 2550 Vettonicae
1213 2485 1318 2550 farina

191 2606 232 2649 ex
253 2605 338 2667 aqua
358 2583 471 2650 mulsa.

224 2789 364 2853 chalcetum,
382 2795 405 2842 d.
432 2791 558 2855 calcetum,
576 2795 631 2845 Va.
658 2803 782 2856 carectum,
799 2796 831 2847 R.
855 2837 886 2846 ..
912 2794 1024 2856 vinaceis,
1045 2797 1081 2846 ita
1097 2811 1144 2845 nos
1162 2793 1315 2856 scripsimus.

191 2857 276 2920 vinem,
293 2855 447 2924 vssaussy.
470 2902 502 2912 ..
525 2860 625 2923 mulsos,
641 2863 683 2913 V:
699 2905 728 2912 -
752 2863 884 2926 nasturcio,
902 2879 924 2912 a
947 2905 978 2913 ..
1003 2862 1176 2922 molemonium,
1194 2861 1246 2910 Ba.
1269 2875 1317 2906 mo-

192 2925 260 2987 lium,
275 2922 334 2977 OV.
354 2927 469 2990 mollium,
481 2931 506 2979 d.
529 2928 639 2992 moleum,
651 2933 697 2982 11¹.
713 2930 883 2994 polemoniam,
897 2933 947 2981 K'·'.
966 2929 1101 2992 lemomum,
1115 2931 1194 2980 Hard.
1211 2969 1241 2978 ..
1257 2943 1317 2990 pun·

192 2992 260 3056 dere,
277 3011 328 3044 om.
345 2997 370 3044 d.
394 3038 425 3046 -
448 3005 471 3045 et
486 2995 568 3062 sillybi
571 3018 581 3060 ,·
601 2998 642 3059 (ἵε,
661 3001 698 3049 ita
712 3015 760 3050 nos
778 3001 932 3063 scripsimus.
959 3007 981 3047 et
996 2997 1104 3060 tillitus,
1120 3000 1175 3048 Va.
1198 3004 1221 3044 et
1235 2993 1316 3055 uitio,

191 3064 245 3113 Rd.
263 3061 311 3111 Est
322 3071 344 3111 et
354 3062 437 3129 simio,
447 3060 491 3128 βγ
502 3081 596 3115 novam
609 3067 669 3116 hinc
680 3068 814 3131 periodum
825 3069 983 3131 incipientes.
1004 3109 1034 3116 -
1057 3064 1177 3126 motus,
1189 3067 1214 3114 d.
1232 3061 1318 3111 deum

191 3138 238 3190 tur,
247 3131 330 3180 VRa.
343 3131 463 3183 Ceterum
474 3148 498 3182 v.
507 3135 626 3184 Dioscor.
636 3142 660 3196 4,
673 3141 728 3185 156.
740 3175 771 3184 ..
781 3135 895 3197 cummim,
909 3137 945 3185 ita
956 3152 1002 3185 nus
1014 3135 1169 3198 scripsimus.
1180 3131 1277 3196 qumim,
1283 3132 1317 3180 V.

191 3198 296 3260 commin,
310 3201 362 3249 Ra.
379 3200 476 3265 cummi,
489 3196 561 3265 dssy.
575 3243 606 3251 ..
618 3201 699 3252 trabit.
712 3202 816 3264 Rursus,
828 3204 903 3253 Rad.
922 3201 1034 3264 trahitur,
1047 3205 1072 3253 V
1085 3203 1215 3252 nonnullis
1227 3199 1318 3249 litteris

191 3276 250 3331 post
261 3268 330 3317 hunc
342 3284 431 3318 vocem
442 3270 528 3319 erasis.
1255 3268 1258 3273 '
1311 3296 1313 3300 ·

226 3333 294 3394 541.
320 3335 507 3397 Vettonica,ad.
533 3377 563 3386 -
586 3339 816 3402 obstupentVad.
838 3339 982 3404 adsument,
995 3340 1027 3389 R.
1051 3331 1260 3401 absterpurzt,ss7.
1286 3375 1317 3384 -

183 3401 297 3465 farinae,
314 3419 337 3452 a.
363 3445 393 3453 ..
416 3403 564 3466 hemionium,
582 3407 697 3468 Barbas,
714 3408 783 3457 Pint.
800 3415 826 3457 et
842 3407 946 3457 Gesner.
960 3408 1020 3456 hist.
1032 3407 1108 3455 anim.
1123 3412 1145 3465 l,
1159 3410 1200 3455 49.
1218 3401 1318 3451 humio-

192 3469 263 3527 nium,
276 3472 309 3520 R.
327 3469 480 3533 hermionem,
492 3489 516 3522 a.
534 3471 685 3535 hermeniam,
701 3469 812 3526 OVTu.
825 3517 856 3525 ..
876 3473 994 3535 climenus,
1007 3474 1112 3523 VRad.
1131 3472 1254 3536 clymenus,
1266 3466 1318 3534 βγ.

192 3578 223 3588 ..
243 3535 391 3599 Pleureticis,
403 3541 458 3589 Vd.
476 3581 508 3590 ..
524 3540 738 3605 peripleumonicis,
750 3544 804 3593 Va.
824 3584 854 3592 -
873 3542 1028 3605 centaurium,
1042 3535 1205 3591 OVBTad.
1223 3546 1318 3588 cenum-

193 3621 267 3666 reum,
276 3601 305 3667 ,θ
326 3648 356 3656 ..
372 3605 516 3670 pleureticic,
529 3610 553 3657 d.

227 3672 294 3733 §42
316 3674 356 3736 sil,
375 3676 522 3726 Schneider.
539 3679 571 3726 ud
587 3675 680 3738 chct.
701 3692 727 3740 p.
745 3681 802 3727 tou.
824 3676 866 3737 sic,
883 3673 1034 3742 VRadflr.
1063 3717 1094 3726 ..
1121 3683 1247 3733 cotoneum,
1265 3674 1318 3724 na.

192 3741 315 3804 coloniam,
328 3744 361 3792 V.
379 3743 480 3805 eotoniu,
492 3747 516 3794 d.
529 3785 561 3793 ..
575 3741 653 3804 lateii,
664 3745 716 3794 Ra.
734 3760 764 3792 ea
773 3744 837 3806 terri,
850 3746 883 3795 V.
902 3745 985 3807 acervi,
997 3748 1021 3794 (1.
1034 3787 1064 3794 -
1078 3741 1208 3802 cuniculus,
1221 3744 1273 3792 Ba.
1287 3782 1318 3790 -

194 3807 301 3869 bubulce,
313 3826 363 3860 om.
376 3812 410 3861 V.
430 3852 461 3861 ..
484 3808 568 3872 douc,
580 3812 624 3860 na
641 3809 728 3872 (codd.
741 3811 813 3875 Gel.)
836 3811 906 3873 dulci,
922 3816 976 3864 Vd.
1001 3853 1032 3861 -
1054 3810 1149 3870 sedans,
1165 3812 1214 3860 Vd
1230 3808 1318 3870 (codd.

194 3876 265 3940 Get.)
282 3876 374 3940 sedunt,
387 3881 467 3930 RTa.
488 3920 514 3929 -
536 3877 634 3940 radice,
647 3880 730 3931 VTd.
748 3878 904 3941 rudirudicis,
916 3898 939 3931 a.
957 3879 1025 3929 radii
1034 3877 1130 3940 radicis,
1144 3880 1174 3928 R.
1192 3893 1266 3926 rarae
1277 3893 1319 3924 ru-

194 3941 262 4005 dicis,
274 3940 303 4006 β.
323 3986 354 3996 ..
372 3945 434 3996 olibi
444 3947 513 3997 albae
525 3945 593 4008 alibi,
605 3948 680 3998 Rad.
696 3946 748 3997 albi
757 3947 826 3997 albae
838 3948 894 4010 albi,
907 3950 941 4008 V,
953 3951 997 3998 sed
1008 3965 1054 4012 per
1083 3949 1162 3998 riores
1173 3949 1236 3997 duas
1245 3960 1320 3995 voces

195 4012 291 4062 lineola
302 4016 425 4064 traducta.
444 4057 475 4065 -
495 4016 591 4078 effectus
606 4013 639 4076 in,
655 4008 766 4066 OVTd.
785 4017 851 4079 effen,
863 4018 895 4067 R.
914 4018 1047 4080 effectuae
1074 4053 1080 4065 .
1104 4056 1135 4065 -
1158 4013 1320 4076 chamaerops,

195 4080 251 4128 Vd.
263 4078 416 4145 chameropis,
425 4084 478 4133 Ra.
489 4124 520 4133 -
531 4083 635 4148 myrteis,
649 4085 673 4133 (1.
691 4084 782 4148 myrtei,
793 4086 875 4134 VRa.
887 4126 917 4133 -
927 4083 1010 4145 caulis,
1022 4084 1105 4134 VRa.
1123 4081 1209 4142 caules,
1221 4082 1245 4130 (1.
1264 4097 1321 4129 cau·

196 4143 248 4223 lena
265 4148 368 4198 Barbas.
387 4145 437 4213 βγ.
462 4192 492 4200 ..
518 4150 627 4214 cuminis,
642 4154 747 4203 Barbar.
764 4153 796 4202 R.
821 4151 933 4217 poninus,
950 4153 1025 4202 Vad.
1053 4193 1084 4200 ..
1108 4158 1186 4214 potus,
1208 4152 1260 4200 Ba
1288 4190 1319 4198 ..

196 4212 320 4276 caudices,
333 4218 407 4266 Rud.
426 4259 457 4270 .„
476 4216 617 4279 stoechadis,
630 4222 733 4270 Barbar.
753 4219 880 4281 theocudis,
893 4221 967 4270 Vad.
987 4218 1112 4277 thuecodtb,
1124 4219 1156 4267 R.

232 4285 299 4347 §ea
318 4282 419 4336 humano
429 4286 518 4351 yeneri,
530 4303 550 4338 r.
574 4327 604 4336 ..
628 4287 705 4349 albus,
718 4305 741 4338 a.
761 4329 791 4337 ..
810 4287 1021 4350 uliusenim,Vd.
1040 4329 1071 4336 -
1090 4286 1161 4348 esbus,
1174 4287 1198 4336 d.
1218 4326 1249 4334 -
1267 4300 1321 4333 con·
