2918 4800
420 276 489 321 nm.
507 277 591 322 xxv,
623 276 700 324 car.
719 276 793 323 v111.
825 276 922 323 seor.
940 277 970 320 sa.
986 279 1017 320 st.
1223 260 1282 324 135

159 427 320 503 videntur,
342 425 494 510 quoniam
516 439 603 492 esset
627 429 729 512 ἀρίστη
752 428 928 511 λεχούσαις;
952 425 1051 491 nostri
1074 427 1192 491 malum
1216 438 1281 491 ter·

158 551 212 595 rae
234 539 350 593 vocant
371 540 404 593 et
425 539 577 612 quattuor
599 551 719 615 genera
733 529 802 594 eius
825 539 969 593 servant:
993 550 1093 593 unum
1115 527 1282 595 tuberibus

157 629 276 695 radicis
297 629 454 705 rotundis,
476 629 559 695 foliis
580 631 664 695 inter
686 629 822 695 malvam
846 641 879 694 et
900 629 1060 707 hederam,
1084 628 1280 716 nigrioribus

158 729 433 816 mollioribusque;
456 732 592 796 alterum
615 733 787 809 masculae,
809 730 918 797 radice
940 731 1038 816 longa
1059 744 1209 815 quattuor
1231 731 1280 797 di·

158 832 297 917 gitorum
319 832 529 920 longitudine,
552 833 656 898 baculi
679 833 906 909 crassitudine3
931 833 1060 898 tertium
1075 832 1281 918 longissimae
1295 849 1327 895 sc

158 933 312 998 tenuitate
334 933 409 998 vitis
431 934 586 1012 novellae,
609 935 700 1001 cuius
723 935 763 1000 sit
785 935 960 1020 praecipua.
982 934 1041 1011 vis,
1065 955 1147 1018 quae
1169 945 1201 998 et
1216 934 1280 1001 cle·

158 1034 279 1103 matitis
301 1047 444 1113 vocatur,
468 1036 508 1101 ab
530 1036 601 1102 aliis
625 1035 763 1102 Cretica.
793 1035 917 1101 Omnes
939 1036 1044 1101 colore
1066 1034 1181 1112 buxeo,
1205 1058 1280 1103 eau-

156 1135 240 1201 libus
261 1137 382 1222 parvis,
407 1136 486 1203 flore
508 1158 687 1223 purpure03
718 1138 826 1203 ferunt
852 1136 983 1203 baculas
1005 1158 1123 1222 parvus
1144 1148 1180 1202 ut
1203 1159 1280 1222 cap-

156 1238 243 1323 pari3
266 1238 374 1304 valent
394 1239 501 1305 radice
524 1251 658 1304 tantum.
680 1239 741 1304 list
756 1249 788 1305 et
809 1261 891 1322 quae
914 1236 1118 1323 plistolochia
1139 1248 1280 1315 vocatur,

157 1340 262 1424 quarti
284 1341 422 1428 generis,
451 1342 577 1406 tenuior
599 1364 694 1424 quam
717 1363 873 1426 proxume
902 1340 998 1418 dicta,
1027 1339 1136 1405 densis
1165 1336 1280 1402 radicis

157 1441 399 1525 capillamentis.
422 1443 508 1508 iunci
531 1443 682 1530 plenioris
705 1442 918 1509 crassitudine
925 1468 935 1521 3
964 1442 1047 1509 hano
1068 1441 1196 1525 quidam
1220 1462 1278 1525 po-

156 1543 298 1627 lyrrizon
313 1545 550 1630 cognominant.
575 1542 668 1610 Odor
689 1545 832 1611 omnium
851 1544 1029 1610 medicatus
1051 1544 1108 1607 sed
1123 1541 1280 1627 oblongae
1294 1554 1325 1602 st

156 1645 255 1710 radici
271 1645 471 1729 tenuiorique
485 1647 625 1734 gratior3
649 1645 774 1712 carnosi
790 1646 875 1712 enim
891 1656 939 1711 est
953 1645 1091 1721 corticis,
1107 1643 1280 1730 unguentis

156 1767 282 1830 quoque
308 1747 450 1812 nardinis
477 1747 680 1814 conveniens.
723 1747 909 1814 Nascuntur
937 1746 1114 1834 pinguibus
1141 1746 1219 1811 locis
1247 1755 1280 1812 et

155 1848 405 1933 campestribus3
435 1849 575 1915 effodere
598 1872 653 1914 eas
675 1848 835 1915 messibus
858 1848 1101 1933 tempestiv0m3
1130 1848 1176 1911 ita
1204 1847 1277 1911 des-

154 1961 304 2031 quamato
327 1961 454 2015 terreno
476 1962 655 2016 servantur.
678 1949 833 2016 Maxume
853 1961 960 2014 tamen
982 1950 1131 2014 laudatur
1145 1948 1280 2014 Pontica

155 2048 241 2113 etin
263 2072 465 2136 quocumque
492 2075 612 2138 genere
642 2051 914 2138 ponderosissima
941 2072 1086 2134 quaeque
1111 2047 1279 2112 medicinis

106 2228 112 2243 .
155 2150 274 2237 aptior,
301 2153 440 2219 rotunda
461 2166 573 2219 contra
596 2153 764 2238 serpentis,
792 2152 931 2240 oblonga
954 2200 1050 2218 .....
1060 2176 1069 2228 ;
1096 2152 1130 2214 in
1154 2172 1279 2219 summa
1376 2160 1377 2164 ’

156 2262 262 2318 tamen
282 2254 384 2341 gloria
406 2266 465 2333 cst,
489 2256 516 2320 si
538 2255 632 2321 modo
654 2277 673 2318 a
695 2268 849 2339 conceptu
865 2255 995 2319 admota
1009 2253 1111 2319 volvis
1126 2253 1159 2316 in
1182 2274 1277 2316 carne

155 2348 275 2420 bubula
295 2356 393 2421 maris
414 2356 544 2443 figurat,
567 2370 603 2421 ut
627 2357 772 2420 traditur.
801 2356 983 2421 Piscatores
1007 2354 1203 2440 Campaniae
1225 2376 1277 2417 ra·
1292 2371 1323 2416 ss

155 2456 259 2522 dicem
279 2480 351 2525 eam
373 2482 456 2543 quae
477 2459 615 2523 rotunda
636 2469 685 2523 est
707 2481 865 2523 venenum
887 2469 991 2523 terrae
1014 2467 1131 2522 vocant
1153 2479 1276 2521 coram·

155 2662 298 2727 maleus,
311 2667 336 2716 d.
354 2666 495 2717 crederent
507 2684 555 2729 aes,
568 2684 591 2718 a.
611 2708 640 2717 ..
660 2667 742 2727 uestri,
754 2668 806 2718 lta.
825 2667 914 2732 maeri,
927 2669 950 2717 d.
973 2683 1027 2727 nott,
1041 2667 1074 2715 V.
1096 2706 1125 2715 ..
1144 2665 1276 2726 observant,

154 2733 241 2781 Dalec.
262 2774 292 2783 ,.
311 2733 409 2796 radicis,
424 2728 581 2786 OvuTad.
603 2732 719 2796 radicum,
731 2731 761 2795 β.
780 2777 811 2784 ..
834 2733 1029 2796 molliortltusque,
1041 2735 1147 2784 VRad.
1168 2732 1278 2795 pinquis-

155 2798 274 2863 ribusque,
287 2803 318 2852 Τ.
337 2842 368 2852 „.
387 2801 494 2863 clunem,
507 2805 622 2854 Dioscor.
634 2808 659 2863 8,
672 2807 696 2852 5.
715 2845 746 2853 -
766 2801 917 2867 longitudine,
933 2819 984 2852 om.
997 2803 1030 2851 V.
1055 2803 1090 2851 Et
1102 2811 1225 2850 utrarum
1240 2807 1279 2851 est

155 2869 268 2918 Plinium
282 2870 325 2918 rix
341 2872 467 2935 scripsisse
483 2872 562 2920 videri
578 2868 659 2918 radice
676 2869 747 2934 loupa
762 2869 915 2934 largitudine,
931 2872 967 2920 ita
979 2886 1028 2919 nou
1042 2871 1125 2919 minus
1138 2886 1224 2918 verum
1236 2884 1277 2915 ra-

155 2933 207 2982 dice
218 2933 289 3000 leupo
301 2946 412 3003 quattuor
422 2937 547 3003 digitorum
563 2953 616 2987 non
633 2939 681 2988 nisi
694 2940 826 2989 durissime
839 2940 887 2987 dici
900 2953 982 3002 posse,
1000 2939 1021 2988 si
1033 2939 1060 2987 in
1072 2939 1216 2988 universum
1228 2939 1278 2987 dici

155 3011 246 3065 potest,
263 3019 346 3069 neque
362 3008 458 3066 dubito,
474 3009 535 3070 quin
552 3007 652 3056 Plinius
669 3007 797 3070 scripserit
812 3004 894 3055 radice
911 3014 1023 3070 quattuor
1039 3003 1165 3070 digitorum
1179 3004 1278 3070 torpitu-

155 3068 217 3130 dine‚
233 3073 270 3121 uti
287 3075 427 3124 sexcenties
445 3076 545 3125 locutus
560 3082 607 3136 est,
624 3083 650 3124 et
666 3090 739 3126 casus
754 3075 831 3124 etiarn
844 3075 870 3124 h.
882 3077 899 3124 l.
912 3075 939 3124 in
950 3089 1009 3124 vera
1022 3074 1145 3138 scriptura
1156 3075 1279 3124 servanda

156 3147 200 3187 aut
211 3141 347 3191 reiicicnda
358 3144 390 3192 sit
401 3143 554 3192 dominatus.

189 3226 260 3287 596.
289 3225 406 3288 tenuitate,
423 3228 537 3276 VRTd.
566 3226 692 3287 tenuitatis,
709 3222 778 3290 asty.
802 3267 833 3276 ..
861 3227 923 3289 vitis,
940 3229 1014 3276 Rati.
1041 3225 1112 3287 vitit‘s,
1128 3226 1162 3275 V.
1188 3223 1280 3274 radicis

156 3289 218 3350 vitus,
230 3293 262 3341 K.
283 3335 314 3342 ..
341 3293 414 3355 cuius,
431 3288 607 3345 OVRTsdr.
635 3293 681 3354 cui,
698 3289 726 3354 β.
750 3335 781 3343 ..
808 3294 1062 3356 quaecivltuao.
1090 3308 1159 3356 quae,
1176 3287 1227 3356 βγ.
1247 3334 1278 3342 -

156 3356 287 3422 clematitis,
305 3362 384 3412 Hand.
401 3377 415 3411 e
430 3363 546 3412 Dioscor.
573 3361 686 3422 clematis,
702 3358 861 3423 VRTadss.
884 3403 915 3411 ..
947 3359 1047 3421 Cretica,
1065 3363 1109 3410 ad.
1136 3360 1231 3421 cartica,
1248 3359 1279 3410 R.

156 3427 250 3488 cartica,
262 3429 295 3477 V.
316 3471 346 3480 ..
366 3429 477 3495 cappari,
493 3423 602 3479 ovito.
625 3428 748 3493 capparis,
760 3425 830 3493 asty.
851 3470 882 3478 ..
902 3437 998 3494 parent,
1011 3444 1034 3477 a.
1054 3469 1085 3477 ,
1104 3426 1194 3489 radice,
1207 3430 1279 3479 Rati.

156 3491 269 3558 radicem,
286 3498 319 3547 V.
344 3539 375 3547 -
402 3497 450 3560 qui,
467 3498 501 3547 V.
525 3539 556 3547 -
580 3496 721 3562 placatoria,
739 3498 770 3547 R.
798 3495 916 3562 plistociu,
931 3498 1006 3547 Vad.
1033 3494 1183 3561 pistalocltia,
1199 3492 1228 3558 β.
1247 3538 1278 3546 -

156 3559 252 3625 dictura,
264 3565 298 3613 V.
312 3607 342 3615 -
361 3563 553 3629 capillamentis,
567 3567 600 3615 V.
614 3608 645 3615 -
664 3562 765 3629 quidem,
777 3580 795 3631 γ
806 3565 869 3614 vitio
882 3580 1023 3632 operarum.
1040 3606 1070 3615 ...
1087 3565 1214 3629 pobryzan,
1226 3566 1279 3614 ud.

190 3649 258 3711 §97-
284 3649 422 3712 iuvat.
441 3651 498 3702 Om.
515 3668 538 3702 a.
561 3693 592 3701 -
621 3658 775 3714 tesquamato,
792 3667 814 3701 a
841 3651 1059 3714 esquama,VRd.
1083 3690 1113 3698 -
1142 3656 1239 3708 terreno,
1256 3666 1280 3701 a.

157 3722 258 3778 terrena,
270 3720 295 3767 d.
323 3727 447 3781 euenum,
459 3721 491 3770 R.
519 3727 631 3781 terrenus,
644 3720 670 3769 V
686 3716 743 3781 (sed
760 3720 877 3770 librarius
893 3721 952 3768 inde
965 3717 1064 3767 terreus
1075 3717 1158 3767 lucere
1169 3718 1281 3769 voluisse

157 3784 268 3845 videtur,
288 3802 346 3835 cunr
364 3789 449 3838 statim
467 3795 558 3852 postea·
573 3794 686 3837 ducatur
703 3803 785 3852 neque
801 3795 927 3836 servantur
944 3783 1064 3850 legatur).
1090 3826 1120 3834 ..
1148 3785 1173 3833 ia
1190 3802 1281 3834 summ

158 3854 358 3914 mareuvldad.
386 3863 462 3903 tamen
475 3850 750 3919 msummaPintssr.
778 3856 815 3905 At
829 3863 914 3919 sprota
929 3854 979 3904 hac
996 3855 1193 3917 interpolatione
1209 3855 1279 3905 codi-

156 3934 214 3969 cum
231 3923 380 3986 scripturum
391 3924 501 3987 reposui,
516 3925 553 3974 ita
569 3932 597 3973 ut
612 3933 670 3988 post
685 3924 837 3986 adiectirum
851 3921 963 3987 obiurga,
981 3923 1049 3972 unde
1064 3923 1143 3985 vulgo
1156 3937 1223 3972 nora
1234 3939 1279 3987 pe-

157 3989 243 4039 riodus
259 3990 355 4054 incipit,
372 3992 498 4041 nonnulla
514 3990 638 4041 excidisse
654 3999 772 4052 statuam,
791 3991 881 4055 quibus
898 3991 950 4039 iarn
966 3990 1103 4054 deperditis
1114 4005 1214 4042 summa
1225 3993 1280 4043 eius

157 4057 247 4107 radicis
263 4059 345 4120 gloria
357 4059 472 4108 addatur.
496 4057 614 4109 Ceterum
627 4074 650 4106 r.
663 4058 796 4122 Theophr.
809 4059 866 4108 hist.
880 4059 959 4121 plaut.
975 4057 1023 4109 IX.
1039 4061 1077 4120 ts,
1090 4065 1114 4110 3.
1135 4101 1164 4110 .,
1191 4059 1220 4121 si,
1233 4062 1280 4110 ad.

157 4123 220 4184 etsi,
235 4117 352 4177 OVR'I'.
377 4125 456 4187 etium,
468 4142 487 4176 r.
507 4167 538 4175 -
560 4124 664 4185 modae,
678 4127 762 4177 VRd.
787 4123 890 4186 amodo,
903 4143 925 4176 a.
945 4167 976 4176 ..
999 4124 1082 4190 uubis,
1094 4128 1128 4178 V.
1148 4169 1177 4179 ..
1202 4143 1281 4177 mures

150 4192 247 4255 figurat
259 4201 293 4254 ut,
304 4193 377 4245 Bad.
396 4192 605 4258 murisfipurutui,
617 4194 650 4244 V.
