2918 4800
384 280 588 327 nrn.xxu11.
618 278 695 326 oar.
714 279 746 326 v.
764 279 811 326 vr.
839 278 938 326 sacr.
957 282 1036 324 iuis
1227 267 1269 329 55

187 431 250 498 VI.
274 432 324 496 14.
348 428 471 496 Similis
493 430 702 495 hammoniaci
725 442 839 495 natura
853 443 950 514 atque
964 429 1113 496 lacrimae
1128 433 1267 518 proban·
1283 452 1315 496 aa

144 633 234 700 visus
255 633 290 697 in
317 632 458 717 collyriis
487 633 653 711 convenit,
683 633 860 719 pruritum,
890 634 1071 712 cicatrices,
1101 635 1269 724 albugines

144 734 308 801 oculorum
330 734 422 812 tollit,
451 734 594 799 dentium
616 735 742 800 dolores
770 735 871 812 sedat,
898 735 1061 800 efficacius
1087 759 1267 803 accensum.

142 835 280 900 Prodest
307 835 504 921 dyspnoicis,
531 836 718 921 pleuriticis,
752 834 968 921 pulmonibus,
999 837 1126 916 vesicis,
1156 839 1268 904 urinae

142 946 304 1014 cruentae,
326 936 411 1013 lieni,
432 936 615 1002 ischiadicis
636 948 759 1023 potum,
783 992 822 1001 -
852 937 899 1004 sic
921 949 952 1004 et
973 939 1077 1004 alvom
1100 938 1203 1017 solvit,
1227 995 1267 1005 ..

142 1037 286 1103 articulis
313 1049 345 1103 et
371 1038 536 1124 podagrae
564 1061 637 1103 cum
662 1039 733 1124 pari
763 1040 905 1124 pondere
933 1040 1016 1126 picis
1045 1053 1101 1104 aut
1123 1062 1215 1106 cerae
1238 1052 1268 1105 et

115 1158 118 1163 ·
142 1161 271 1205 rosaceo
292 1149 427 1205 coctum.
464 1139 608 1205 Maturat
631 1162 742 1224 panos,
770 1140 909 1205 exhaliit
930 1141 1038 1206 clavos
1061 1165 1134 1206 cum
1162 1141 1266 1216 melle,

143 1294 184 1306 -
200 1241 246 1306 sic
266 1252 300 1306 et
320 1240 455 1305 duritias
478 1241 609 1319 emollit,
632 1295 673 1305 -
695 1240 770 1306 lieni
792 1264 866 1306 cum
887 1253 978 1307 aceto
1001 1254 1032 1306 et
1054 1264 1128 1307 cera
1144 1240 1269 1328 Cypria

143 1341 193 1407 vel
220 1363 351 1407 rosaceo
381 1342 598 1407 efficacissime
627 1342 801 1428 inponitur.
848 1342 1073 1409 Lassitudines
1107 1345 1267 1433 perungui

142 1466 215 1508 cum
236 1453 325 1508 aceto
347 1452 380 1508 et
401 1443 470 1508 oleo
492 1443 676 1532 exiguoque
698 1444 782 1507 nitro
804 1443 893 1508 utile.

185 1546 235 1611 15.
263 1544 308 1609 Et
329 1545 467 1629 styracis
487 1557 635 1610 naturam
656 1546 690 1608 in
712 1544 891 1631 peregrinis
918 1546 1087 1612 arboribus
1110 1548 1265 1632 exposui·
1280 1565 1313 1607 24

141 1669 222 1711 mus.
245 1645 357 1711 Placet
379 1657 507 1730 praeter
527 1647 582 1712 illa
602 1669 687 1731 quae
709 1646 850 1711 diximus
864 1669 1013 1712 maxume
1036 1648 1178 1736 pinguis,
1202 1672 1264 1734 pu·

141 1771 208 1825 rus,
223 1747 434 1813 albicantibus
449 1748 648 1835 fragmentis.
672 1747 826 1812 Medetur
842 1748 933 1826 tussi,
949 1749 1108 1829 faucibus,
1126 1751 1266 1836 pectoris

140 1847 237 1927 vitiis,
260 1849 371 1914 volvae
393 1849 579 1934 praeclusae
594 1849 751 1915 duritieve
765 1847 922 1914 laboranti
928 1874 937 1925 ;
965 1851 1027 1916 ciet
1046 1875 1171 1917 menses
1186 1863 1267 1936 potu

139 1948 368 2033 adposituque,
398 1951 502 2015 alvom
530 1951 640 2016 mollit.
677 1951 812 2016 Invenio
840 1962 921 2036 potu
950 1952 1075 2016 modico
1104 1952 1265 2016 tristitiam

138 2049 235 2116 animi
257 2050 385 2130 resolvi,
406 2051 544 2137 largiore
566 2052 720 2130 contrahi,
745 2052 868 2117 sonitus
884 2053 1009 2117 aurium
1025 2054 1195 2118 emendare
1217 2053 1265 2118 in-

138 2151 258 2231 fusum,
282 2165 421 2218 strumas
441 2153 569 2218 inlitum
591 2176 824 2238 nervorumque
846 2154 958 2219 nodos.
981 2153 1186 2219 Adversatur
1207 2177 1264 2219 ve·

138 2254 232 2320 nenia
255 2276 337 2338 quae
359 2255 483 2341 frigore
504 2266 631 2333 nocent,
653 2255 727 2321 ideo
749 2267 781 2320 et
801 2256 936 2320 cicutae.

193 2357 241 2423 16.
276 2355 492 2443 Spondylium
519 2380 583 2422 una
610 2358 863 2423 demonstratum
894 2357 1076 2422 infunditur
1105 2359 1264 2444 capitibus
1278 2374 1309 2418 aa

139 2458 397 2544 phreneticorum
412 2471 444 2524 et
458 2459 716 2547 lethargicorum,
738 2461 815 2524 item
831 2459 945 2547 capitis
962 2459 1127 2525 doloribus
1141 2460 1261 2548 longis;

139 2582 213 2624 cum
235 2560 306 2624 oleo
327 2571 435 2626 vetere
456 2561 579 2627 bibitur
600 2573 631 2626 et
652 2561 687 2627 in
708 2561 883 2626 iocinerum
904 2561 1002 2640 vitiis,
1029 2561 1140 2627 morbo
1160 2562 1261 2649 regio,

140 2660 362 2738 comitialibus,
385 2662 611 2749 orthopnoicis,
635 2663 801 2729 volvarum
817 2664 1080 2752 strangulatione,
1099 2663 1217 2748 quibus
1233 2673 1264 2728 et

139 2763 250 2828 suffitu
271 2764 412 2849 prodest.
446 2763 566 2831 Alvom
592 2765 692 2830 mollit
699 2789 708 2841 ;
736 2764 882 2829 inlinitur
909 2764 1070 2831 ulceribus
1092 2787 1174 2848 quae
1196 2787 1264 2830 ser-

139 2875 222 2950 punt
243 2887 316 2929 cum
329 2876 412 2931 ruta.
442 2865 521 2932 Flos
535 2867 667 2932 auribus
682 2866 863 2952 purulentis
879 2867 1055 2933 efficaciter
1068 2865 1263 2942 infunditur3
1278 2882 1310 2927 aa

141 2966 199 3031 sed
219 2988 315 3032 sucus
338 2991 410 3034 oum
433 2969 624 3053 exprimitur
644 2969 838 3057 integendus
861 2981 920 3047 est,
944 2968 1096 3053 quoniam
1109 2969 1189 3035 mire
1205 2967 1264 3032 ad-

139 3165 163 3205 et
174 3157 235 3218 virro,
247 3160 309 3209 VT.
328 3167 350 3206 et
362 3159 387 3208 in
399 3159 461 3222 virro,
472 3156 565 3225 adssy.
585 3201 616 3210 ..
632 3168 726 3224 partus,
739 3176 790 3210 om.
803 3178 825 3210 a.
844 3200 876 3211 ...
895 3175 986 3222 murro,
999 3161 1032 3211 V.
1051 3157 1157 3223 myrrho,
1169 3153 1265 3222 adssr.

141 3265 172 3274 ..
186 3232 209 3272 et
219 3225 280 3286 vino,
293 3227 378 3277 VTd.
397 3236 420 3275 et
431 3227 456 3276 in
468 3228 530 3288 vino,
543 3224 615 3292 οβγ.
635 3269 666 3278 -
684 3227 793 3292 poditio,
805 3228 839 3278 V.

174 3293 242 3356 §ita
261 3293 403 3356 probandae
419 3295 482 3343 ratio
497 3303 531 3357 ut,
548 3298 580 3346 K.
604 3337 634 3345 ..
666 3295 768 3344 dirimas
788 3301 827 3356 12,
847 3298 903 3343 lor.
927 3294 985 3342 coll.
1002 3293 1121 3342 Dioscor.
1135 3299 1158 3352 3,
1173 3297 1213 3341 88.
1234 3330 1265 3339 -

139 3358 259 3423 calefacit,
270 3363 325 3411 Vd.
344 3360 451 3425 calfacit,
463 3376 507 3424 ar.
527 3403 558 3412 ..
577 3361 735 3427 dypsanoicie,
746 3364 801 3412 Vd.
821 3402 852 3410 ..
868 3359 990 3424 pleurisis,
1002 3375 1024 3408 a
1043 3400 1074 3409 -
1099 3357 1220 3419 sciadmia,
1232 3358 1266 3408 V.

141 3468 173 3476 ..
191 3427 305 3491 duricias,
317 3429 352 3479 V.
371 3471 401 3479 ..
422 3427 519 3490 lienis.
539 3427 682 3488 liauu,Vd.
708 3471 739 3478 ..
761 3436 784 3479 et
800 3444 869 3490 cac,
885 3445 908 3478 a.
931 3444 982 3476 cum
999 3443 1066 3488 cara,
1085 3428 1141 3477 Vd.
1164 3467 1196 3476 -
1221 3423 1267 3490 CV·

138 3510 195 3559 pro,
206 3496 239 3546 V.
259 3537 289 3546 -
309 3496 373 3559 utile,
386 3499 462 3547 Vad.
481 3495 538 3546 utils
550 3504 591 3558 est,
603 3492 632 3558 β.

174 3565 241 3626 824.
259 3564 361 3628 syriacis,
374 3565 430 3615 Vd.
448 3607 479 3616 -
499 3564 648 3629 exposuimus
662 3570 700 3627 12,
717 3570 772 3615 124.
791 3564 850 3614 coll.
862 3565 980 3615 Dioscor.
996 3571 1018 3626 l,
1034 3566 1074 3615 79.
1092 3604 1124 3615 ..
1136 3562 1266 3627 fragmen-

141 3629 179 3688 tis,
191 3632 246 3681 Vd.
264 3632 416 3696 clangentis,
429 3649 451 3683 a.
471 3673 502 3682 -
520 3632 644 3694 duritieve,
657 3635 700 3684 ad.
720 3631 844 3694 duricieve,
855 3633 889 3682 V.
908 3630 1035 3693 άιινὶτίονι,
1052 3624 1080 3680 θ.
1095 3672 1125 3680 -
1144 3629 1267 3694 adpositu·

140 3714 193 3760 que,
209 3700 294 3749 VTd.
322 3699 483 3765 adpositoque,
500 3718 523 3752 a.
546 3701 693 3766 opposituve,
711 3697 763 3766 βγ.
795 3696 904 3767 ἔμμηνά
923 3715 952 3749 τε
974 3693 1035 3763 ἄγει
1057 3693 1266 3759 studuereque!

139 3763 363 3831 προστιθέμενος,
376 3770 493 3820 Dioscor.
512 3811 544 3819 ..
559 3778 648 3834 potum,
661 3771 695 3821 V.
715 3811 746 3820 ..
765 3767 877 3829 modicae,
889 3785 912 3818 a.
931 3809 962 3817 ..
982 3764 1091 3830 turpiori,
1104 3769 1129 3817 d.
1142 3808 1172 3817 ..
1191 3783 1267 3816 amsa·

140 3847 208 3913 dore,
226 3853 262 3902 ita
273 3868 320 3903 nos
332 3855 485 3917 scripsimus.
503 3848 630 3917 emendat,
643 3856 676 3906 V.
699 3853 814 3915 emendat,
827 3847 921 3914 adstr.
949 3892 980 3900 ..
1008 3850 1178 3914 infusum,ad.
1203 3853 1266 3918 iufu-

140 3933 201 3979 sam,
214 3920 247 3969 V.
266 3920 365 3981 infusus,
377 3923 410 3971 K.
423 3961 454 3970 -
468 3921 561 3982 illitum,
573 3925 649 3973 Vad.
668 3920 749 3983 illitus,
761 3923 794 3971 K.
808 3961 840 3970 -
853 3917 1018 3980 aduerwum,
1031 3919 1065 3981 V,
1078 3923 1145 3972 unde
1157 3923 1266 3972 coniicio

141 3983 269 4036 odvasori
279 3987 333 4036 item
345 3989 483 4052 legendnm
495 4005 557 4040 asse.

176 4051 249 4114 ξ26.
277 4054 435 4119 Spondilium,
451 4058 526 4108 Vad.
555 4054 711 4121 Spondylioa
727 4049 777 4119 βγ.
806 4094 837 4104 ..
864 4052 1047 4104 demonstratum
1066 4063 1106 4119 12,
1128 4063 1183 4109 128.
1207 4056 1268 4106 coll.

141 4121 258 4173 Dioscor.
272 4129 296 4184 8,
310 4130 350 4174 80.
371 4165 402 4174 -
418 4122 597 4186 freneticorum,
610 4126 643 4174 V.
663 4163 693 4172 ..
717 4121 792 4171 vetari
811 4125 835 4172 d.
860 4162 889 4171 -
913 4121 1083 4186 comitialibus,
1096 4127 1129 4174 V.
1154 4165 1184 4174 ..
1207 4138 1268 4187 quaa

142 4197 247 4252 serpunt,
263 4183 372 4242 OVTd.
392 4206 454 4255 quus
464 4199 565 4255 sarpam,
575 4207 598 4242 a.
616 4158 802 4255 serpcmihuad

177 4259 192 4321 ξ
205 4264 246 4309 28.
261 4256 417 4322 proruimus,
430 4261 454 4309 d.
647 4286 650 4292 ·
