2918 4800
203 295 266 357 338
552 308 756 354 ssruasms
778 307 974 354 maronias

205 476 277 528 tone
308 461 398 526 cuius
427 459 608 524 auctoritati
637 459 817 545 triumphus
849 472 944 542 atque
976 482 1113 524 censura
1144 460 1323 524 minumum

203 563 388 638 conferunt3
416 573 505 625 tanto
535 561 608 644 plus
630 561 662 625 in
691 561 764 645 ipso
791 574 855 637 cst,
892 562 1099 644 quamobrem
1127 561 1226 625 verba
1253 561 1323 625 eius

201 662 274 748 ipsa
295 685 465 746 ponemus:

245 770 273 828 t.
296 763 433 842 „Dicam
450 764 490 828 de
504 764 575 827 istis
590 761 724 828 Graecis
740 785 799 827 suo
813 764 893 840 loco,
908 763 1021 828 Marce
1042 765 1103 840 fili;
1125 765 1203 848 qnid
1216 764 1322 829 Athe·
1339 782 1369 825 14

200 866 250 930 nis
276 867 470 949 exquisitum
499 865 634 930 habeam
661 876 694 930 et
722 865 809 948 quod
837 864 957 929 bonum
984 866 1026 930 sit
1051 867 1176 931 illorum
1199 866 1323 931 litteras

200 967 369 1052 inspicere,
390 991 455 1030 uon
478 966 671 1050 perdiscere,
693 967 831 1030 vincam.
859 965 1099 1050 Nequissimum
1127 979 1160 1032 et
1185 967 1322 1032 indocile

199 1091 303 1155 genus
330 1070 472 1145 illorum,
503 1079 535 1132 et
565 1068 626 1131 hoo
648 1077 726 1152 puta
748 1079 852 1131 vatem
875 1067 1014 1133 dixisse:
1045 1070 1239 1151 quandoque
1261 1068 1322 1133 ista

199 1194 281 1259 gens
303 1193 378 1234 suas
399 1170 522 1233 litteras
544 1168 645 1246 dabit,
668 1169 775 1233 omnia
797 1181 1001 1255 conrumpet,
1024 1170 1203 1236 tumeliam
1216 1171 1322 1259 magis

200 1272 227 1337 si
248 1271 390 1336 medicos
413 1292 489 1335 suos
510 1270 573 1335 huc
595 1271 708 1335 mittet.
741 1270 893 1335 Iurarunt
920 1272 1003 1336 inter
1030 1295 1064 1338 se
1086 1270 1241 1338 barbaros
1263 1296 1321 1338 ne·

199 1395 272 1438 care
295 1373 398 1437 omnis
419 1373 577 1436 medicina
603 1383 635 1436 et
655 1371 717 1437 hoc
741 1372 848 1458 ipsum
869 1375 1017 1439 mercede
1039 1374 1162 1439 faciunt
1182 1385 1219 1439 ut
1240 1375 1321 1439 fides

199 1472 239 1537 iis
262 1473 304 1538 sit
325 1486 357 1539 et
377 1473 469 1538 facile
491 1473 691 1558 disperdant.
713 1472 784 1537 Nos
805 1496 932 1557 quoque
955 1475 1104 1540 dictitant
1118 1474 1274 1543 barbaros
1289 1489 1320 1538 et

199 1575 349 1661 spurcius
370 1597 427 1639 nos
448 1598 545 1659 quam
574 1575 653 1640 alios
675 1575 785 1658 opicus
806 1575 1018 1660 appellatione
1045 1577 1182 1642 foedant.
1215 1575 1320 1640 Inter-

199 1675 266 1738 dixi
289 1675 347 1739 tibi
368 1677 409 1740 de
431 1676 596 1740 medicis.''

240 1779 272 1842 8.
293 1776 404 1861 Atque
425 1776 478 1841 hic
501 1775 584 1842 Cato
606 1799 681 1841 nov.
704 1799 786 1842 anno
813 1777 904 1842 urbis
924 1787 1053 1843 nostrae
1078 1777 1169 1855 obiit,
1194 1799 1319 1842 axxxv.
1337 1794 1367 1837 15

200 1900 268 1955 suo,
291 1902 330 1943 ne
353 1879 425 1964 quis
447 1879 492 1946 illi
514 1879 657 1943 defuisse
679 1877 807 1962 publice
830 1890 974 1966 tempora
995 1889 1051 1943 aut
1063 1879 1213 1964 privatim
1236 1879 1320 1944 vitae

200 1979 302 2065 spatia
322 1981 366 2063 ad
387 1980 615 2066 experiendum
638 1980 820 2044 arbitretur.
845 1978 935 2061 Quid
958 1983 1059 2066 ergo?
1081 1981 1264 2046 damnatam
1279 1981 1320 2046 ab

95 2149 105 2159 ,
199 2104 236 2148 eo
251 2105 318 2147 rem
334 2082 537 2147 utilissimam
552 2081 731 2146 credimus?
750 2082 890 2145 minume
907 2080 1082 2159 Hercules3
1104 2081 1221 2148 subicit
1236 2083 1320 2148 enim

199 2207 263 2270 qua
290 2184 449 2249 medicina
478 2207 512 2248 se
540 2193 571 2248 et
598 2183 766 2268 coniugem
795 2205 897 2267 usque
931 2184 974 2247 ad
1001 2185 1132 2272 longam
1158 2193 1320 2250 senectam

199 2286 397 2372 perduxerit,
420 2287 460 2350 iis
483 2285 562 2371 ipsis
586 2284 708 2350 scilicet
729 2307 811 2368 quae
832 2308 917 2350 nnnc
939 2308 997 2351 nos
1024 2296 1212 2364 tractamus,
1243 2307 1319 2371 pro·

199 2387 372 2471 fiteturque
395 2411 465 2453 esse
487 2387 739 2452 conmentarium
763 2385 824 2452 sibi
847 2409 911 2470 quo
922 2389 1097 2453 medeatur
1110 2389 1186 2466 filio,
1209 2386 1319 2463 servis,

234 2595 383 2656 auctoritate,
395 2597 458 2646 VR.
478 2637 508 2644 -
528 2590 638 2645 cemurd'
652 2595 676 2643 in
687 2612 766 2658 unum,
780 2599 803 2645 d.
823 2637 851 2645 ..
873 2594 935 2659 ipsa
948 2611 999 2646 om.
1011 2598 1055 2647 R'.

233 2662 247 2723 ξ
263 2668 302 2712 14.
311 2662 362 2724 fili,
374 2665 423 2713 Ra
433 2662 497 2725 filio,
510 2665 607 2714 VR'd.
627 2705 658 2712 -
677 2662 788 2725 labeant,
805 2667 829 2714 d.
848 2705 878 2712 -
898 2663 967 2726 quod,
980 2666 1093 2728 Madvig.
1106 2678 1209 2727 opusec.
1223 2669 1247 2724 2,
1260 2669 1318 2712 238.

201 2772 231 2779 .„
251 2729 351 2792 illorum,
368 2724 480 2781 evita
498 2747 584 2793 eorum,
596 2727 625 2793 β.
644 2773 674 2781 -
694 2732 794 2781 uincam.
812 2731 996 2794 Nequissimum,
1008 2733 1088 2782 Hard.
1114 2732 1212 2782 Vincam
1225 2730 1318 2793 nequis-

199 2797 290 2859 simum,
302 2795 331 2859 p.
352 2839 379 2848 ..
405 2798 536 2861 indocibile,
552 2802 582 2851 T.
608 2839 639 2849 ..
668 2799 815 2863 quandoque,
835 2793 913 2849 dud.
936 2799 1136 2863 quandocumque,
1153 2794 1234 2862 Vssr.
1258 2800 1318 2848 Vid.

202 2865 314 2917 Gronov.
333 2869 365 2915 ad
377 2869 431 2918 Liv.
447 2875 469 2929 1,
482 2875 523 2918 31.
542 2910 572 2918 ..
588 2867 678 2929 omnia,
691 2868 715 2916 R
726 2866 772 2928 (ex
785 2864 864 2928 corr.)
882 2909 913 2917 ..
931 2868 1068 2931 corrumpit,
1081 2869 1165 2918 VRd.
1179 2909 1210 2916 -
1227 2867 1256 2924 ri,
1268 2882 1318 2916 om.

198 2937 242 2985 R'.
261 2975 291 2985 ..
313 2933 362 2996 loc,
379 2936 442 2986 VR.
463 2976 490 2984 -
517 2944 546 2996 et,
563 2937 597 2986 V.
616 2933 664 2996 sed,
681 2932 759 2997 Rdss.
779 2977 810 2984 -
833 2933 957 2996 mercedes,
979 2929 1007 2986 θ.
1032 2977 1062 2985 -
1078 2936 1260 2998 faciunt,VR.
1270 2936 1318 2997 fa-

199 3002 268 3064 cient,
286 2995 364 3053 OTo.
384 3045 415 3052 -
426 3001 494 3067 fides
506 3003 543 3065 iic,
556 3006 580 3053 d.
590 3002 657 3065 fides
668 3002 712 3063 its,
724 3005 780 3053 VR
789 3007 806 3053 ².
816 3001 910 3070 fiddd,
923 3006 968 3054 Rt.
981 3045 1012 3052 -
1026 3001 1143 3063 dictitant,
1155 3004 1205 3053 R2.
1223 3002 1318 3051 dictita·

199 3071 264 3133 bant,
277 3072 403 3123 VR¹Td.
423 3114 454 3121 -
472 3073 588 3135 spurcius,
602 3073 674 3121 codd.
686 3072 799 3123 Barbari.
818 3087 889 3134 super
901 3071 957 3131 eius,
970 3073 1081 3122 VRTd.
1101 3113 1132 3120 -
1151 3070 1261 3134 loppicos
1272 3071 1318 3120 R'.

198 3137 321 3203 loppocoS,
338 3141 394 3190 Vd.
421 3139 560 3204 ltoppificos,
581 3141 630 3189 1t2.
661 3139 786 3202 epicorum,
808 3141 932 3202 Bdttiger.
957 3138 1089 3188 Amalthea
1109 3145 1138 3201 3,
1156 3143 1213 3190 277.
1236 3138 1319 3202 opicon

198 3204 334 3268 (dntnu'ru),
361 3208 435 3258 Iahn.
456 3207 569 3258 Bericlte
585 3207 628 3256 der
639 3206 793 3258 Sdcltu'sclen
809 3206 967 3269 Gerellscltoft
983 3205 1025 3255 der
1044 3205 1223 3271 Wesensclast.
1243 3210 1317 3257 1850.

197 3290 223 3340 p.
236 3281 294 3325 266.
313 3276 428 3340 Vulgata
440 3285 525 3326 tamen
543 3277 668 3339 scriptura
680 3275 781 3325 defendi
792 3277 891 3325 videtur
902 3291 947 3338 per
957 3277 1045 3325 verba:
1063 3273 1141 3324 addat
1152 3273 1223 3325 Sulla
1235 3274 1317 3322 etiam

197 3358 252 3391 num
265 3343 319 3392 ltuic
329 3343 421 3408 qloriue
431 3345 554 3407 superbum
566 3359 691 3408 coquomen
702 3342 804 3392 Felicem
818 3350 858 3402 22,
873 3349 911 3392 12.
930 3385 962 3392 -
972 3342 1130 3406 foedantque,
1143 3343 1176 3393 V.
1190 3383 1220 3391 -
1239 3340 1316 3390 Inter-

200 3408 287 3460 diri-
295 3411 398 3473 medicis,
410 3414 490 3462 VR2.
510 3412 597 3463 Omitt.
616 3413 710 3462 R'Td.
729 3409 853 3460 Interdicit
865 3411 904 3471 ibi,
917 3413 949 3461 K.

231 3481 246 3542 ξ
261 3484 299 3529 15.
317 3479 395 3543 Atque
406 3479 444 3528 tic
458 3478 524 3541 Cato,
536 3481 617 3531 VR².
636 3478 674 3527 ltic
688 3477 754 3540 Cato,
767 3480 819 3529 To.
838 3479 897 3530 Om.
909 3479 953 3529 R'.
970 3519 1001 3528 .-
1015 3477 1079 3538 obiit,
1091 3479 1144 3529 Rd.
1163 3476 1224 3539 obid,
1236 3479 1270 3528 V.
1285 3517 1316 3526 ..

195 3545 299 3609 puplice,
312 3549 345 3597 V.
364 3589 395 3598 ..
415 3555 465 3608 out,
477 3549 546 3598 uu.
565 3555 598 3608 ut,
610 3549 685 3597 VR¹.
698 3588 729 3597 ..
749 3546 784 3596 ud
794 3545 965 3610 experiendum,
977 3548 1083 3596 Barbar.
1096 3548 1120 3596 d.
1138 3554 1181 3595 aut
1192 3543 1317 3609 arpedien-

199 3612 262 3675 dum,
274 3616 335 3666 VR.
355 3656 386 3665 ..
406 3617 436 3664 ab
452 3632 479 3665 eo
494 3631 550 3674 rem,
562 3616 664 3666 VR'2d.
683 3614 801 3676 labuerit,
813 3617 858 3665 13¹.
877 3656 908 3666 ..
926 3613 1037 3674 Hercule,
1049 3611 1078 3675 p.
1098 3656 1129 3664 ..
1147 3613 1251 3674 subiecit,
1263 3615 1317 3663 Td.

198 3721 229 3730 ..
249 3698 281 3743 se,
293 3682 376 3732 VRd.
395 3691 461 3743 etse,
473 3678 523 3746 βγ.
543 3724 574 3732 ..
610 3681 736 3743 erduuerit,
750 3698 801 3732 om.
813 3684 858 3733 Rt
878 3723 906 3731 -
927 3681 970 3744 tis,
983 3682 1044 3731 VR.
1064 3723 1095 3731 ..
1120 3699 1162 3730 nos
1179 3689 1317 3741 tractamus,

198 3752 270 3800 codd.
285 3751 342 3802 Gal.
360 3751 560 3812 noctrascitamua
603 3752 714 3802 VRTd.
736 3767 778 3798 nos
796 3748 921 3812 trademur,
933 3768 953 3800 r.
972 3766 1014 3798 nos
1027 3757 1159 3807 mactemus,
1172 3745 1200 3810 β.
1221 3790 1252 3798 ..
1270 3764 1316 3812 quo

197 3816 325 3877 medeatur,
342 3819 395 3868 Ru.
418 3817 577 3877 comedentur,
594 3820 627 3868 V.
651 3860 682 3868 ...
704 3817 831 3880 aaronque,
848 3820 880 3867 K.
900 3857 931 3867 -
953 3833 1021 3879 quem
1039 3834 1088 3877 nos,
1109 3811 1211 3868 ovito
1227 3815 1315 3879 (codd.

199 3884 268 3947 Gal.)
287 3902 347 3948 quae
359 3902 407 3946 nos,
420 3904 439 3937 r.
459 3929 490 3936 -
509 3885 644 3950 deperimus,
659 3879 798 3936 OVR'rd.
817 3884 964 3944 duceremus,
976 3902 996 3934 r.
1015 3883 1155 3947 differimuq
1167 3879 1196 3945 β.

231 3955 293 4016 516.
306 3954 404 4002 immani
411 3954 502 4017 preti03
515 3970 561 4018 pro
574 3956 613 4005 his
624 3971 663 4003 vv.
676 3955 771 4005 habent
783 3952 923 4016 manipretio
935 3947 1018 4012 ovd,
1030 3953 1183 4016 manipretio
1193 3952 1223 4011 T,
1235 3952 1319 4014 maqui

194 4019 274 4083 pretio
284 4022 316 4082 R,
335 4021 457 4071 immunem
467 4023 544 4086 pretio
553 4024 599 4084 K',
617 4022 642 4070 in
653 4021 802 4086 manupretio
813 4024 880 4072 Piut.
891 4023 916 4071 K
924 4024 940 4069 ².
953 4063 984 4070 -
998 4023 1147 4082 recusabant,
1160 4013 1315 4070 OVRTdr.

197 4089 328 4150 recusabat,
340 4085 369 4150 β
389 4131 419 4139 -
437 4088 587 4154 Aesculapio.
600 4092 662 4140 VR.
681 4131 712 4140 ..
731 4090 853 4153 ciperetur,
866 4091 911 4139 R¹.
930 4129 961 4138 ..
984 4090 1123 4151 iterumque;
1141 4091 1208 4138 hanc
1225 4101 1316 4136 vocem

198 4155 304 4206 Gesner.
317 4158 452 4209 chrestom.
465 4159 531 4209 Plin.
544 4175 568 4222 p.
580 4163 635 4210 733.
649 4159 806 4221 etBottiger.
820 4156 895 4206 kleine
908 4155 1029 4219 Selu'ften
1042 4163 1064 4217 1,
1079 4158 1135 4206 117.
1149 4158 1315 4219 interpretau-

197 4232 238 4272 tur
253 4223 311 4272 uoci
327 4223 396 4285 doru,
413 4224 541 4285 r'tberdiesa
558 4233 581 4273 et
596 4225 665 4288 adeo,
682 4240 748 4290 quae
760 4226 933 4289 interpretatio
950 4225 1023 4274 nullo
1034 4224 1202 4274 fundamento
1219 4224 1315 4274 nititur.

196 4290 296 4343 Vocem
312 4294 397 4357 potius
414 4301 561 4357 corruptam
577 4307 670 4344 censeo
685 4294 871 4357 legendumque
891 4292 1048 4356 Tiberinaque
1059 4291 1083 4340 in
1095 4290 1181 4354 insula,
1199 4305 1263 4354 quae
1280 4290 1316 4339 ita
