2918 4800
138 298 200 362 356
490 313 693 360 7777777777
716 313 911 361 merorum

138 467 220 553 psit,
255 466 361 531 omnia
389 487 483 551 poma
511 465 611 530 inficit
638 488 760 531 veneno
788 480 820 531 et
847 488 902 531 eos
930 466 985 549 qui
1013 465 1138 530 ederint
1167 477 1267 531 necat

139 568 259 656 frigida
280 567 321 646 vi,
344 566 423 631 nihil
444 567 568 632 aconito
591 567 723 632 distans.
758 566 847 648 Quin
874 568 972 633 immo
1002 568 1029 632 si
1051 577 1198 645 contactu
1222 567 1265 634 ab
1283 585 1315 632 75

103 720 105 725 ,
140 693 177 734 ea
197 669 287 757 ligno
309 669 360 734 vel
381 669 463 755 pede
491 678 600 733 crusta
627 670 720 754 penis
747 669 928 747 incocatur,
956 669 1043 734 idem
1068 669 1265 734 veneficium

36 810 41 815 ·
141 782 197 851 est,
220 771 271 837 vel
294 771 322 835 si
344 771 377 834 in
398 781 530 856 puteum
553 771 659 847 cadat,
682 770 803 856 quippe
822 794 896 836 cum
910 770 1010 836 saliva
1024 770 1092 836 eius
1107 791 1264 854 quaeum-

140 897 201 959 que
223 883 314 960 parte
336 872 479 959 corporis
503 872 554 937 vel
575 872 609 936 iu
631 872 715 958 pede
736 872 801 938 imo
827 894 977 958 respersa
1005 871 1109 937 omnis
1136 873 1171 936 in
1193 882 1264 937 toto

139 997 271 1061 corpore
295 973 412 1039 defluat
431 973 527 1061 pilus.
551 973 676 1039 Tamen
698 974 771 1038 talis
792 996 831 1040 ac
854 975 934 1039 tanti
957 975 1071 1039 veneni
1092 973 1263 1057 aquibus-

140 1077 213 1140 dam
242 1076 437 1153 animalium,
459 1085 495 1138 ut
517 1075 628 1153 subus,
650 1075 827 1154 manditur,
863 1075 1047 1140 dominante
1075 1075 1185 1139 eadem
1207 1076 1266 1140 illa

139 1202 245 1244 rerum
268 1169 467 1242 dissidentia.
492 1175 661 1241 Venenum
684 1179 754 1242 eius
777 1177 935 1264 restingui
957 1177 1098 1263 primum
1119 1176 1266 1241 omnium
1281 1193 1314 1238 76

139 1279 181 1344 ab
202 1279 252 1344 his
274 1301 357 1364 quae
391 1289 562 1345 vescantur
590 1278 645 1342 illa
677 1279 785 1344 exiis
814 1279 986 1344 verisimile
1012 1291 1058 1344 est
1081 1301 1163 1362 quae
1185 1301 1266 1364 pro·

140 1381 269 1458 duntur,
294 1379 513 1444 cantharidum
536 1389 614 1463 potu
635 1391 691 1444 aut
713 1381 832 1445 lacerta
853 1381 886 1444 in
902 1380 974 1446 cibo
990 1391 1133 1466 sumpta3
1156 1391 1267 1446 cetera

140 1481 343 1547 adversantia
372 1480 511 1545 diximus
539 1481 747 1566 dicemusque
775 1483 842 1547 suis
868 1482 958 1547 locis.
1000 1480 1055 1544 Ex
1081 1481 1152 1567 ipsa
1178 1504 1266 1566 quae

141 1584 227 1671 magi
250 1583 380 1647 tradunt
401 1592 512 1648 eontra
533 1583 690 1661 incendia,
713 1585 866 1668 quoniam
886 1583 973 1672 ignis
997 1585 1063 1648 sola
1077 1581 1266 1647 animalium

141 1687 334 1771 exstinguat,
360 1684 386 1749 si
409 1685 515 1750 forent
537 1708 622 1762 vera,
645 1685 709 1749 iam
731 1697 817 1751 esset
838 1696 973 1771 experta
993 1685 1106 1750 Roma.
1130 1680 1265 1749 Sextius

140 1809 289 1853 venerem
319 1786 449 1852 accendi
478 1785 549 1851 cibo
571 1809 698 1865 earum,
729 1788 756 1852 ei
780 1788 932 1852 detractis
958 1787 1130 1852 interaneis
1153 1794 1183 1850 et
1204 1808 1264 1872 pe-

141 1889 234 1954 dibus
256 1900 288 1953 et
310 1888 414 1974 capite
435 1888 469 1952 in
492 1889 584 1953 melle
607 1898 784 1967 serventur,
808 1889 905 1953 tradit
926 1900 1086 1978 negatque
1104 1887 1266 1975 restingui

141 1991 249 2076 ignem
271 1988 312 2054 ab
334 1990 384 2055 iis.

184 2095 234 2156 24.
257 2091 311 2156 Ex
332 2092 518 2159 volucribus
539 2093 572 2156 in
595 2092 750 2157 auxilium
773 2105 883 2158 contra
905 2093 1063 2180 serpentis
1083 2091 1178 2178 primi
1194 2091 1265 2156 vol·
1281 2104 1312 2152 77

100 2233 102 2237 «
142 2205 245 2270 tures;
269 2194 455 2258 adnotatum
470 2215 596 2277 quoque
611 2195 717 2258 minus
736 2195 851 2259 virium
866 2218 938 2260 esse
952 2194 1065 2282 nigris.
1086 2193 1266 2258 Pinnamm

142 2319 181 2360 ex
203 2296 252 2360 his
275 2296 396 2372 nidore,
421 2294 448 2359 si
471 2304 621 2373 urantur,
649 2296 756 2382 fugari
787 2318 841 2361 eas
863 2296 987 2375 dicunt,
1021 2296 1096 2360 item
1119 2317 1173 2360 eor
1195 2295 1267 2359 eius

142 2397 227 2462 alitis
253 2396 399 2462 habentis
427 2407 512 2461 tutos
541 2419 611 2461 esse
640 2397 680 2462 ab
708 2397 821 2482 inpetu
848 2421 912 2463 non
941 2397 1043 2463 solum
1066 2396 1266 2483 serpentium

143 2499 200 2563 sed
223 2500 321 2563 etiam
343 2499 484 2562 serarum
505 2499 729 2581 latronumque
751 2510 782 2565 et
803 2522 917 2586 regum
937 2501 996 2565 ira.

75 2631 81 2637 ··
186 2600 236 2665 25.
262 2597 422 2665 Carnibus
444 2599 691 2686 gallinaceorum
713 2601 759 2665 ita
781 2611 816 2665 ut
837 2601 993 2687 tepebunt
1014 2601 1141 2666 avolsae
1162 2600 1265 2685 adpo·
1281 2614 1315 2660 77

144 2701 214 2765 sitis
236 2724 360 2766 venena
375 2702 571 2787 serpentium
587 2702 773 2781 domantur,
794 2704 869 2769 item
891 2704 1022 2769 cerebro
1036 2703 1070 2766 in
1085 2703 1160 2766 vino
1174 2713 1266 2787 poto;

180 2849 280 2912 sripida
296 2850 333 2911 vi,
350 2850 435 2899 VRd.
458 2848 561 2913 friqida
577 2858 611 2912 et,
628 2868 647 2900 r.
667 2893 698 2900 -
722 2849 795 2911 nibil,
813 2853 867 2902 Vd.
895 2853 931 2912 ni,
948 2854 979 2901 R.
999 2893 1028 2902 -
1054 2850 1147 2900 aconito
1162 2848 1267 2910 distans,

146 2933 196 2966 om.
214 2919 246 2968 R.
526 2957 527 2960 .

177 2984 245 3045 §75-
272 2984 335 3043 Quin
350 2983 501 3034 immo-vel
513 2985 581 3049 pede,
600 3003 650 3036 om.
666 2988 698 3037 R.
718 3028 749 3037 ..
773 3004 807 3048 eo,
824 2990 857 3038 V.
882 3030 912 3038 -
938 2985 1013 3050 pedis,
1031 2988 1082 3037 V².
1107 2984 1180 3050 pidis,
1196 2986 1266 3036 V¹d.

144 3050 231 3116 lapide,
243 3055 288 3103 K'.
312 3052 439 3113 77717,Κέ
463 3055 550 3104 Verba
566 3053 603 3103 vel
616 3054 676 3118 pede
693 3065 818 3120 corrupta,
834 3059 866 3106 ad
883 3072 948 3120 quae
961 3056 1112 3119 explicando
1123 3069 1188 3117 quae
1199 3054 1267 3105 Har·

143 3122 235 3172 duinus
251 3121 333 3183 affert,
350 3124 452 3186 probari
467 3123 540 3171 nullo
556 3126 634 3173 modo
651 3132 765 3187 possunt.
786 3164 813 3172 ..
839 3133 926 3184 crusta,
943 3125 1013 3174 V2d.
1040 3123 1120 3182 crusta,
1137 3123 1213 3171 ΨΒ.
1234 3163 1267 3172 ,-

143 3189 275 3251 invocatur,
290 3190 336 3239 1³¹.
360 3232 391 3240 ..
418 3198 453 3238 est
468 3188 512 3251 vel,
528 3193 559 3240 R.
586 3198 615 3251 ct,
632 3184 741 3242 BVTd.
765 3233 796 3242 ..
821 3200 923 3255 perenm,
940 3193 986 3241 V¹.
1005 3232 1038 3253 ,.
1061 3205 1213 3255 quacumque,
1232 3191 1267 3240 V.

144 3273 316 3329 quaquumque,
329 3259 360 3308 R.
388 3258 413 3306 in
430 3274 581 3321 quacumque,
598 3262 651 3309 Td.
670 3302 700 3309 ..
722 3267 802 3324 parte,
819 3261 872 3309 Rd.
897 3267 968 3324 parte
984 3258 1086 3321 eins,V.
1106 3299 1137 3306 ..
1160 3257 1268 3321 corporis

143 3349 186 3410 vel,
204 3366 254 3400 om.
267 3353 312 3401 R'.
331 3393 362 3401 ..
381 3351 556 3414 imorespersa,
569 3353 600 3402 R.
627 3353 723 3400 imeres
735 3368 840 3416 aspersa,
854 3353 878 3400 d.
905 3337 1120 3415 atrioresapersa
1134 3351 1167 3400 V.
1186 3392 1216 3400 ..
1238 3367 1268 3400 ac

144 3419 212 3479 tanti,
225 3419 307 3468 VRd.
326 3435 356 3468 nc
369 3427 437 3467 tanta
449 3419 491 3480 777,
503 3414 531 3480 β.
546 3456 577 3468 ..
595 3421 675 3481 subus,
688 3421 771 3470 Vlld.
790 3420 861 3480 cibus,
874 3417 988 3485 rddpp.
1005 3419 1093 3480 suibus,
1104 3415 1134 3481 β.
1147 3459 1179 3468 ..
1198 3433 1268 3467 man-

143 3484 216 3547 ditur,
228 3487 297 3535 V¹d.
315 3485 430 3545 conditur,
442 3487 521 3536 v²1e
543 3528 572 3536 ..
591 3485 734 3548 dominante,
750 3481 890 3538 OVRTo.
908 3485 1024 3549 domante,
1036 3482 1064 3547 β.

177 3553 244 3615 §lu
271 3553 394 3617 restinpni,
410 3548 553 3605 OVRTd.
581 3555 693 3621 extingui,
709 3551 738 3616 β.
759 3597 789 3604 ..
814 3553 858 3603 r'lla
874 3571 903 3603 ea
919 3553 1085 3616 invenkimile
1097 3562 1138 3616 ert,
1151 3554 1267 3604 Gronov.

143 3620 187 3671 illa
199 3620 323 3671 verisimile
334 3630 375 3671 est.
393 3620 435 3670 Ex
447 3621 484 3671 leals
496 3621 636 3672 consimile
652 3632 693 3685 est,
706 3624 818 3674 VR'ld.
840 3621 884 3671 illa
900 3639 929 3671 erc
941 3623 978 3671 his
990 3621 1114 3672 7777ιὶ777117
1125 3630 1166 3682 est,
1178 3637 1203 3686 γ.
1222 3620 1268 3670 illa

144 3689 269 3738 7777777ιί17
286 3698 327 3749 est,
344 3686 373 3752 β.
393 3731 423 3739 ..
448 3706 510 3753 qaae
523 3689 665 3753 produntur,
679 3693 764 3742 VRd.
795 3690 863 3748 Quae
876 3689 1019 3754 prodantur,
1034 3687 1063 3752 β.
1090 3691 1190 3740 Dantur
1205 3706 1268 3753 qnae

142 3767 241 3820 prosunt
256 3758 293 3818 in,
306 3760 338 3810 K.
361 3773 422 3821 quae
436 3760 570 3821 probantur
586 3775 616 3819 a,
633 3758 738 3808 Gesner.
756 3759 816 3808 hist.
833 3760 909 3808 anim.
929 3765 955 3819 2,
974 3766 1014 3809 86.
1034 3800 1064 3808 ..
1087 3757 1267 3819 cantharidum

144 3834 202 3874 ante
223 3827 290 3874 hanc
310 3841 400 3876 vocem
422 3828 544 3876 excidisse
563 3827 663 3876 videtur
684 3833 738 3886 tum,
760 3828 828 3889 qnod
849 3836 874 3876 et
894 3841 970 3877 sensu
990 3836 1016 3877 et
1035 3829 1140 3876 vocibus
1163 3824 1267 3889 prinam

144 3893 244 3940 omnium
261 3903 286 3943 et
304 3900 381 3942 cetera
396 3896 534 3958 flagitatur.
565 3894 705 3944 Absorberi
722 3895 846 3958 particula
860 3909 908 3958 per
923 3896 1028 3944 verbum
1042 3893 1176 3957 prodantur
1190 3893 1267 3943 facile

145 3962 235 4024 potuit.
249 4001 280 4009 ..
295 3970 385 4024 potum,
398 3963 482 4012 VRd.
503 4004 533 4011 -
552 3963 622 4022 cibos,
636 3964 704 4011 d...
723 3963 784 4025 epse,
800 3954 938 4013 OvRTd.
957 3963 1022 4026 ipsis,
1034 3958 1064 4024 β.
1078 4004 1108 4011 ..
1127 3959 1191 4025 qnod
1201 3962 1268 4024 ignes

145 4026 209 4075 solae
221 4028 358 4077 aninrnlinm
371 4030 517 4094 extinguant,
527 4032 559 4081 Κ.
574 4071 604 4079 -
617 4029 648 4090 si,
657 4032 682 4080 R
690 4032 729 4080 ²d.
747 4029 802 4090 sint,
811 4031 855 4080 R'.
869 4030 926 4081 Om.
936 4032 969 4091 V,
980 4032 1023 4081 ubi
1035 4032 1135 4080 videtur
1147 4031 1267 4079 deletum.

148 4137 177 4144 -
197 4111 253 4157 esse,
265 4098 299 4146 V.
318 4139 349 4146 ..
368 4097 468 4157 1177777,
480 4099 513 4147 V.
533 4140 563 4147 ..
583 4097 752 4159 Sentinum.
771 4097 865 4157 Sextus,
882 4091 939 4148 GV.
954 4140 983 4148 ..
1004 4115 1092 4159 earum,
1105 4099 1154 4148 R².
1169 4112 1267 4161 parum,

146 4164 245 4213 VR'd.
264 4205 295 4213 -
314 4166 397 4230 ignem,
409 4168 480 4217 R'2d.
499 4165 558 4230 igni,
570 4168 645 4217 VR'.
664 4207 696 4216 ..
714 4166 753 4228 iis,
766 4169 790 4216 d.
808 4166 852 4227 tis,
865 4167 927 4216 VR.

180 4230 194 4291 ξ
209 4235 248 4282 77.
267 4230 316 4294 Ex,
328 4235 361 4283 V.
379 4232 411 4294 E,
424 4235 529 4297 RTdr.
551 4249 582 4284 ’-
609 4233 732 4296 auxilium,
748 4228 887 4285 OVRTd.
906 4233 1004 4293 auxilio,
1014 4229 1044 4295 β.
1066 4275 1097 4282 -
1119 4231 1200 4296 primi,
1212 4232 1266 4280 Rd.

143 4300 242 4363 primns,
258 4291 286 4350 Θ.
305 4300 394 4364 pn'mri,
407 4303 433 4352 V
445 4300 518 4367 (poet
529 4318 544 4352 7
556 4303 639 4353 deleta
650 4317 702 4352 nna
713 4301 817 4367 littera).
836 4302 949 4367 panum,
962 4302 986 4352 T
991 4296 1019 4362 β.
1038 4342 1069 4352 ..
1089 4299 1199 4361 vultures,
1212 4299 1266 4349 Td.
