2918 4800
375 311 446 358 am.
463 312 566 359 xxm.
594 311 673 358 oar.
690 312 764 359 vm.
781 312 830 360 rx.
858 310 957 359 sacr.
972 313 1003 356 ao.
1017 312 1048 356 er.
1231 298 1272 361 45

151 463 303 531 celeritati
332 474 444 549 pertus
470 463 616 529 conferre
643 463 780 528 multum
807 473 922 549 putent
949 462 1087 528 radicem
1117 463 1273 530 acetabuli

149 587 300 632 mensura
325 564 360 629 in
387 585 472 647 aqua
497 575 617 650 potam,
647 564 806 630 efficacius
832 575 991 630 recentem
1016 587 1113 650 quam
1139 564 1272 631 aridam

151 666 294 750 Quidam
315 665 470 731 adversus
493 665 696 752 scorpionum
716 666 800 732 ictus
822 665 933 732 decem
951 665 1047 731 bacas
1069 664 1139 730 dari
1160 666 1274 733 iubent

150 768 251 856 potui,
280 768 357 833 item
386 777 418 833 et
446 766 481 831 in
501 766 642 832 remedio
663 790 747 834 uvae
774 767 907 833 iacentis
935 766 1145 852 quadrantem
1165 768 1274 855 pondo

151 869 301 935 bacarum
324 869 513 934 foliorumve
535 868 670 953 decoqui
691 868 725 933 in
747 891 850 953 aquae
872 868 1019 934 sextariis
1035 867 1137 934 tribus
1151 870 1193 933 ad
1208 880 1274 935 ter-

151 971 226 1050 tias,
260 994 330 1037 eam
363 970 500 1037 calidam
528 971 735 1058 gargarizare
761 983 794 1037 et
824 970 858 1036 in
888 970 1003 1057 capitis
1031 969 1139 1036 dolore
1170 970 1274 1056 inpari

151 1095 283 1139 numero
304 1073 402 1138 bacas
424 1095 498 1138 cum
520 1074 591 1138 oleo
614 1084 778 1139 conterere
799 1084 831 1138 et
846 1072 1025 1138 calefacere.
1048 1072 1178 1138 Laurus
1192 1072 1274 1138 Del·
1290 1088 1337 1136 rar

151 1175 265 1261 phicae
288 1175 366 1240 solia
387 1175 462 1240 trita
476 1173 654 1259 olfactaque
669 1173 806 1241 subinde
820 1175 1020 1261 pestilentiae
1035 1174 1186 1263 contagia
1199 1199 1275 1262 pro·

152 1276 273 1354 hibent,
301 1285 389 1342 tanto
416 1276 520 1363 magis
548 1276 576 1340 si
604 1286 636 1341 et
662 1287 807 1341 urantur.
844 1274 963 1342 Oleum
991 1299 1032 1342 ex
1054 1274 1213 1364 Delphica
1233 1276 1276 1342 ad

155 1390 263 1444 cerata
276 1399 487 1465 acopumque,
503 1376 545 1442 ad
558 1377 778 1463 perfrictiones
792 1377 1019 1455 discutiendas,
1033 1400 1149 1444 nervos
1163 1379 1275 1443 laxan-

154 1480 224 1559 dos,
245 1481 355 1546 lateris
368 1478 507 1559 dolores,
529 1479 628 1545 febris
650 1479 787 1569 frigidas
807 1481 886 1546 utile
908 1491 966 1556 est,
992 1481 1067 1544 item
1087 1480 1129 1545 ad
1151 1480 1277 1546 aurium

154 1582 295 1647 dolorem
316 1582 351 1646 in
372 1581 447 1645 mali
467 1581 578 1667 punici
599 1581 717 1646 cortice
740 1582 944 1667 tepefactum.
967 1580 1061 1646 Folia
1083 1581 1213 1648 decocta
1234 1581 1277 1647 ad

155 1682 264 1748 tertias
286 1683 389 1768 partis
409 1703 511 1766 aquae
532 1704 638 1747 uvam·
652 1681 801 1748 cohibent
821 1682 1086 1771 gargarizatione,
1112 1696 1192 1768 potu
1213 1681 1277 1748 alvi

154 1783 278 1850 dolores
299 1783 596 1868 intestinorumque,
626 1783 797 1849 tenerrima
823 1807 864 1849 ex
889 1784 940 1849 his
969 1783 1043 1850 trita
1063 1785 1097 1849 in
1119 1784 1193 1850 vino
1214 1806 1276 1871 pa·

154 1885 249 1970 pulos
270 1884 474 1971 pruritusque
495 1884 587 1949 inlita
607 1885 764 1951 noctibus.
786 1884 948 1951 Proxuma
961 1887 1070 1951 valent
1085 1896 1193 1952 cetera
1205 1886 1276 1950 lau·
1292 1902 1340 1948 roa

155 2009 210 2052 rus
238 2008 372 2074 genera,
404 1986 517 2050 laurus
541 1985 763 2052 Alexandrina
796 1986 865 2052 sive
891 1985 992 2051 Idaea
1017 1997 1129 2071 partus
1159 1986 1277 2052 celeres

156 2086 234 2153 iacit
259 2087 367 2153 radice
396 2099 473 2179 pota
502 2087 598 2152 trium
626 2086 829 2153 denariorum
856 2086 998 2173 pondere
1024 2087 1058 2151 in
1084 2086 1152 2152 vini
1174 2087 1278 2153 dulcis

157 2187 280 2272 cyathis
294 2187 415 2263 tribus3
432 2185 592 2251 secundas
607 2187 702 2252 etiam
716 2187 808 2273 pellit
822 2209 1022 2273 mensesque.
1043 2187 1169 2254 Eodem
1182 2189 1279 2256 modo

156 2300 232 2374 pota
253 2288 453 2376 daphnoides
476 2288 543 2354 sive
564 2288 615 2353 his
642 2288 825 2354 nominibus
851 2312 935 2374 quae
962 2288 1103 2354 diximus
1124 2289 1278 2356 silvestris

156 2390 265 2455 laurus
286 2389 430 2474 prodest,
452 2389 557 2454 alvom
578 2388 672 2456 solvit
692 2390 744 2456 vel
764 2390 885 2456 recenti
904 2390 982 2455 folio
1008 2391 1061 2457 vel
1084 2392 1175 2456 arido
1201 2392 1278 2456 dra-

157 2489 258 2555 chmis
273 2490 376 2556 tribus
391 2513 464 2556 cum
480 2491 544 2556 sale
560 2491 594 2555 in
615 2490 841 2576 hydromelite3
863 2492 1057 2558 manducata
1071 2491 1204 2578 pituitas
1219 2516 1277 2559 ex·

157 2589 263 2669 trahit,
285 2591 398 2656 folium
420 2601 451 2657 et
472 2592 621 2669 vomitus,
644 2591 807 2658 stomacho
828 2593 940 2659 inutile
946 2617 956 2669 ;
979 2594 1025 2658 sic
1044 2605 1077 2659 et
1089 2594 1189 2660 bacae
1204 2594 1277 2678 qui·

157 2713 216 2756 nae
238 2691 340 2757 denae
360 2692 561 2779 purgationis
583 2714 680 2758 causa
702 2703 879 2758 sumuntur.

210 2790 275 2856 IX.
309 2794 360 2858 81.
393 2792 524 2878 Myrtus
553 2794 658 2859 sativa
684 2794 822 2860 candida
849 2794 956 2860 minus
980 2794 1070 2861 utilis
1101 2796 1278 2862 medicinae
1292 2810 1342 2856 tao

158 2911 255 2974 quarn
274 2893 377 2980 nigra.
415 2891 533 2960 Semen
556 2894 625 2960 eius
646 2895 792 2961 medetur
813 2896 1003 2983 sanguinem
1029 2897 1278 2976 exscreantibus,

158 2991 236 3058 item
257 3005 368 3060 contra
387 2995 505 3083 fungos
526 2997 560 3061 in
582 2996 657 3062 vino
685 3007 813 3083 potum3
841 2997 972 3064 odorem
997 2999 1062 3064 oris
1089 2999 1279 3064 conmendat

151 3197 322 3264 salicumque,
338 3197 368 3264 β.
396 3244 427 3252 -
456 3219 516 3263 eam,
533 3206 609 3255 Vad.
633 3220 737 3268 eamque,
753 3201 804 3270 βγ.
833 3247 864 3256 ..
898 3202 1126 3269 culesaem,V²fl.
1152 3202 1278 3269 calfacere,

161 3259 278 3318 0V12d.
296 3268 376 3318 calido
388 3269 487 3334 illinere,
499 3271 531 3322 Κ.

95 3398 99 3403 ¹
193 3337 279 3398 5157.
295 3335 413 3402 Debicoe,
426 3339 460 3389 V.
480 3378 509 3387 -
529 3336 707 3401 olfactuque,a.
725 3339 861 3401 quaeve.
880 3379 911 3388 ..
934 3339 1031 3399 et,Va.
1049 3337 1139 3400 laed.
1159 3378 1189 3387 -
1208 3345 1278 3387 utan-

159 3409 205 3463 tur,
217 3404 343 3454 Harduini
355 3420 454 3469 operae.
468 3445 500 3455 ..
517 3403 627 3464 Delbicc,
638 3406 673 3455 V.
693 3445 724 3454 ..
748 3413 821 3466 certa,
834 3406 867 3456 V.
892 3445 923 3455 ..
946 3421 1030 3470 acopo,
1042 3408 1076 3459 Κ.
1100 3446 1131 3456 ..
1151 3405 1279 3470 perfectio-

159 3485 199 3516 nee
210 3471 244 3585 lg.
270 3511 301 3521 ..
315 3471 406 3534 febru,
423 3472 457 3522 V.
472 3470 643 3536 febreaady.
659 3471 796 3536 febresque,
811 3467 840 3534 β.
863 3513 894 3523 ..
917 3481 941 3522 et
956 3473 1175 3537 intestinorumque,
1188 3473 1222 3524 V.
1245 3514 1277 3525 .-

158 3536 221 3585 uocti
236 3554 315 3602 usque,
329 3540 362 3590 V.

141 3612 144 3617 '
193 3607 278 3673 5158.
297 3605 387 3667 uana,
399 3622 422 3656 a.
445 3604 579 3670 laurusque,
591 3608 625 3658 V.
648 3605 777 3670 laurarum,
788 3608 864 3672 Tur.
882 3605 954 3671 lauri,
965 3605 995 3672 β.
1017 3610 1058 3660 De
1076 3610 1149 3658 lauru
1161 3609 1278 3661 Alexan·

159 3673 394 3725 drinanDiosoor.
408 3681 431 3735 4,
446 3680 503 3725 145.
523 3715 553 3725 ..
575 3673 698 3737 Idaeae.
721 3673 802 3737 Ideoe,
818 3677 850 3726 V.
879 3673 946 3737 Ideo,
965 3678 988 3726 d.
1012 3716 1045 3726 ..
1063 3683 1174 3739 partum,
1189 3675 1221 3726 V.
1246 3718 1278 3728 .-

158 3755 292 3803 memetque
308 3739 387 3790 coclea
403 3739 471 3790 modo
488 3751 555 3806 poto.
572 3740 737 3808 Dapiuoidee,
755 3738 804 3805 ‹1st.
826 3744 960 3794 Meliorem
975 3744 1204 3807 interpunctionem
1220 3760 1278 3796 cum

159 3807 412 3860 VarestituitHard.
426 3824 458 3859 ex
470 3810 585 3861 Dioscor.
598 3818 621 3872 4,
636 3815 691 3862 rto.
715 3851 747 3860 -
770 3808 907 3874 dopuoidea
919 3811 952 3860 V.
976 3851 1007 3860 -
1030 3810 1278 3873 eiveomrirrisiir,K.

159 3914 192 3924 ..
204 3873 308 3924 dirimas
323 3883 362 3938 15,
377 3883 432 3928 las.
446 3917 477 3927 ..
491 3876 516 3925 in
528 3874 693 3942 hydromelum
711 3876 857 3927 manducato
866 3876 975 3941 pituitae,
992 3878 1106 3928 Murbsc.
1118 3894 1158 3944 ap.
1172 3880 1278 3931 corner.

158 3945 192 3993 ad
202 3944 320 3994 Dioscor.
334 3951 358 4006 4,
372 3950 427 3995 lae.
447 3942 498 3992 inlr
514 3943 633 3994 dromelite
644 3944 795 3995 manducata.
813 3944 927 4005 Pituitua,
939 3940 1062 4010 Vrassy.
1075 3943 1278 4015 trimatum

159 4006 191 4058 δὲ
202 4006 480 4076 (ἀποφλεγματισμοὶ)
489 3961 718 4073 δνιαμασσωμένων
731 4008 842 4072 τούτων,
852 4008 1035 4075 δαφνοειδοῦς
1045 4010 1200 4079 σπέρματος
1209 4013 1277 4076 xri„

158 4077 277 4128 Dioscor.
294 4094 381 4142 eupor.
401 4084 422 4139 1,
441 4085 464 4129 5.
488 4120 519 4128 -
543 4078 630 4143 quinae
646 4078 728 4142 dem
741 4097 763 4130 a.
786 4079 873 4143 quince
889 4077 969 4140 dinae,
980 4081 1014 4131 V.
1037 4081 1117 4146 quiin
1134 4082 1209 4145 edice,
1225 4084 1278 4134 Τὰ.

159 4143 246 4207 quinae
257 4142 367 4208 deaceae,
378 4141 408 4205 β.

194 4213 279 4275 §iba
296 4212 369 4272 utilis,
386 4214 449 4264 VT.
478 4212 575 4275 inutilia,
593 4215 616 4263 d.
638 4212 703 4275 utile,
720 4228 743 4263 a.
767 4210 834 4261 utilio
851 4220 893 4274 ert,
908 4208 960 4279 βγ.
983 4215 1101 4268 Ceterum
1119 4235 1143 4268 v.
1161 4219 1278 4270 Dioscor.

163 4284 184 4339 l,
200 4283 255 4329 155.
275 4321 305 4330 ..
325 4281 399 4346 niqre,
412 4283 436 4332 d.
455 4320 486 4331 ..
505 4279 568 4342 item,
580 4297 629 4331 om.
642 4282 675 4332 K.
692 4279 760 4331 Mihi
770 4278 823 4330 ideo
834 4282 992 4336 edmundum
1003 4286 1109 4337 videtur.
