2918 4800
377 282 447 331 ara.
462 283 578 331 xxun.
607 281 686 330 cnr.
703 282 750 330 vr.
767 282 829 330 vn.
860 281 957 330 sacr.
973 285 1005 329 a.
1019 285 1051 329 u.
1233 268 1274 332 59

152 434 283 502 dissime
303 433 447 521 replicat,
475 433 586 500 fractis
612 455 740 518 quoque
766 433 937 500 utilissima
963 445 997 502 at
1017 435 1151 501 auribus
1171 457 1273 521 puru-

150 535 261 614 lentis,
285 535 364 601 item
384 536 419 600 in
440 535 566 622 pruritu
594 533 799 622 genitalium3
827 535 923 623 pinea
949 535 1064 624 capitis
1090 536 1275 603 volneribus

26 682 44 691 -
151 650 281 724 optume
301 637 456 703 medetur.

192 737 270 805 VII.
301 740 353 804 23.
379 737 443 802 Pix
472 759 599 823 quoque
626 738 712 804 unde
735 739 906 823 atquibus
934 738 1144 805 conficeretur
1169 738 1274 805 modis
1288 755 1320 801 ar

150 839 379 919 indicavimus,
402 849 435 905 et
456 840 525 906 eius
540 841 603 906 duo
617 863 750 930 genera,
769 841 910 927 spissum
924 839 1154 924 liquidumque.
1179 836 1274 927 Spis-

151 965 259 1008 sarum
280 941 450 1007 utilissima
472 942 651 1009 medicinae
672 942 813 1020 Bruttia,
836 942 986 1026 quoniam
1007 941 1221 1030 pinguissima
1243 951 1276 1007 et

150 1042 384 1109 resinosissima
404 1055 558 1129 utrasque
580 1045 713 1132 praebet
734 1044 899 1122 utilitates,
921 1043 963 1110 ob
985 1044 1019 1108 id
1042 1055 1150 1108 autem
1171 1043 1275 1129 magis

151 1145 246 1210 rutila
267 1167 364 1228 quam
386 1155 528 1223 ceterae3
557 1147 591 1211 id
613 1146 700 1212 enim
719 1145 806 1231 quod
827 1145 860 1209 in
882 1145 943 1211 hoc
964 1144 1119 1223 adiciunt,
1143 1168 1184 1210 ex
1204 1166 1274 1209 ma·

152 1246 242 1312 scula
268 1247 382 1313 arbore
410 1246 573 1312 meliorem
608 1270 695 1326 esse,
728 1270 792 1313 non
824 1245 960 1313 arbitror
994 1269 1089 1333 posse
1120 1246 1274 1334 intellegi.

150 1345 238 1412 Picis
259 1358 373 1412 natura
395 1348 576 1427 excalfacit,
599 1349 725 1435 explet3
749 1349 939 1415 adversatur
961 1348 1113 1434 privatim
1135 1358 1275 1413 cerastae
1288 1362 1321 1408 ³8

150 1447 311 1513 morsibus
333 1470 407 1514 cum
428 1449 568 1534 polenta,
596 1450 672 1514 item
695 1448 832 1534 anginae
855 1470 929 1513 cum
950 1448 1055 1527 melle,
1084 1448 1275 1515 destillatio·

150 1548 246 1614 nibus
267 1558 299 1614 et
319 1549 546 1615 sternumentis
568 1574 587 1614 a
609 1550 734 1635 pituita
754 1548 903 1615 Auribus
924 1549 1104 1615 infunditur
1126 1573 1200 1616 cum
1220 1572 1274 1615 ro·

152 1674 256 1731 saceo,
277 1652 424 1717 inlinitur
445 1676 519 1720 cum
541 1676 624 1731 cera,
653 1664 745 1719 sanat
771 1652 922 1732 lichenas,
950 1654 1054 1720 alvom
1083 1653 1187 1731 solvit,
1217 1676 1275 1718 ex-

152 1752 344 1819 screationes
364 1753 506 1839 pectoris
521 1754 652 1820 adiuvat
667 1754 833 1842 ecligmate
850 1764 906 1818 aut
927 1753 1028 1819 inlitis
1043 1753 1179 1820 tonsillis
1200 1777 1277 1821 cum

150 1853 261 1930 melle3
285 1855 332 1920 sic
353 1865 386 1920 et
407 1856 516 1921 ulcera
535 1867 664 1944 purgat,
688 1856 805 1942 explet.
831 1853 917 1921 Cum
930 1878 995 1921 uva
1009 1877 1107 1940 passa
1122 1865 1153 1920 et
1169 1878 1273 1919 axun-

150 1956 205 2042 gia
227 1956 437 2023 carbunculos
458 1969 577 2046 purgat
592 1969 624 2024 et
638 1957 856 2043 putrescentia
874 1957 993 2035 ulcera,
1016 1979 1098 2040 quae
1113 1979 1191 2021 vero
1207 1979 1275 2021 ser·

151 2069 241 2145 punt,
263 2081 336 2125 cum
357 2059 453 2145 pineo
475 2060 592 2126 cortice
607 2070 663 2125 aut
678 2059 842 2146 sulphure.
864 2057 1039 2123 Phthisicis
1054 2059 1151 2123 etiam
1165 2057 1273 2143 cyathi
1287 2072 1321 2118 ³⁹

150 2181 299 2226 mensura
319 2161 451 2245 quidam
473 2161 632 2226 dederunt
653 2172 684 2226 et
706 2171 816 2226 contra
837 2172 977 2227 veterem
992 2160 1116 2225 tussim.
1139 2160 1273 2248 Rhaga-

151 2260 210 2326 das
236 2262 323 2328 sedis
349 2273 381 2328 et
406 2264 526 2348 pedum
554 2285 720 2350 panosque
748 2274 778 2328 et
807 2263 927 2350 unguis
955 2261 1084 2328 scabros
1114 2263 1273 2341 emendat,

151 2362 262 2428 volvae
283 2364 420 2430 duritias
442 2376 474 2430 et
489 2365 714 2432 conversiones
728 2365 837 2443 odore,
859 2364 937 2430 item
950 2364 1162 2451 lethargicam
1187 2375 1272 2430 stru-

150 2486 220 2530 mas
241 2488 314 2531 cum
335 2466 438 2530 farina
458 2465 629 2533 hordeacia
650 2476 682 2532 et
701 2466 794 2553 pueri
815 2465 947 2553 inpubis
969 2466 1062 2532 urina
1077 2468 1209 2534 decocta
1231 2468 1273 2532 ad

151 2568 414 2654 suppurationem
435 2570 592 2657 perducit.
614 2569 659 2634 Et
680 2569 722 2634 ad
743 2569 905 2655 alopecias
928 2569 1013 2636 sicca
1034 2570 1105 2656 pice
1127 2580 1272 2649 utuntur,
1304 2592 1307 2597 ·

184 2777 252 2840 5³⁷·
270 2774 345 2826 modu
355 2778 517 2842 conficeretur,
529 2780 552 2829 d.
572 2820 603 2828 -
622 2775 778 2828 indicavimus
791 2786 830 2839 14,
845 2784 893 2829 122
906 2794 975 2843 seqq.
989 2777 1049 2828 coll.
1062 2777 1182 2840 Dtescnr,
1197 2783 1218 2838 l,
1232 2780 1274 2828 97.

152 2851 216 2892 ..et
227 2843 283 2905 eius,
297 2861 319 2894 a
338 2845 395 2906 eius,
407 2848 461 2896 Vd.
480 2846 513 2896 V.
527 2849 542 2911 §
554 2853 595 2896 32.
608 2887 639 2896 ..
656 2844 836 2910 Spissimarum,
849 2863 872 2896 a.
884 2887 915 2896 -
926 2844 1062 2908 medicinae,
1076 2846 1182 2896 VTad.
1200 2842 1274 2893 medi·

150 2912 217 2960 anae
228 2919 270 2972 eat,
281 2906 310 2974 β.
329 2954 360 2964 -
379 2914 488 2977 Bruttia,
500 2931 523 2965 s.
541 2914 655 2977 Bruttus,
667 2916 701 2964 V.
718 2914 820 2977 Bruma,
834 2918 857 2965 d.
875 2914 974 2974 Brutia,
986 2908 1037 2978 βγ.
1057 2955 1088 2964 ..
1107 2914 1136 2962 ob
1152 2911 1180 2962 id
1195 2921 1274 2962 autem

149 2978 276 3044 mapis,ita
286 2996 334 3032 nos
345 2983 497 3047 scripsimus.
510 2983 539 3031 ob
551 2980 578 3032 id
588 2982 689 3048 amapr’s,
697 2984 731 3034 V.
744 2984 772 3032 ab
784 2981 811 3032 id
821 2982 906 3048 mapis,
916 2978 1007 3047 adssr.
1020 2981 1055 3030 ad
1065 2979 1137 3047 idque
1148 2981 1273 3045 napata.

150 3088 182 3096 ..
200 3045 243 3096 icc
259 3049 323 3098 mihi
339 3059 485 3114 suspectum
502 3060 549 3113 ast,
570 3053 630 3116 qaia
646 3052 712 3102 haec
728 3066 781 3102 vox
796 3066 850 3101 non
866 3051 951 3112 habet,
969 3065 1021 3114 quo
1038 3050 1170 3101 referatur.
1192 3049 1272 3100 Nullo

149 3115 226 3165 mado
239 3117 307 3165 enim
320 3133 333 3167 e
346 3120 513 3183 superioribus
525 3119 638 3184 suppleri
650 3127 734 3183 potest
743 3135 830 3183 penus3
843 3120 933 3168 deindo
945 3127 1062 3168 neutram
1074 3133 1154 3183 genus
1168 3120 1273 3168 damna·

149 3189 191 3232 tar
207 3198 245 3245 eo,
262 3187 331 3248 quod
348 3187 462 3250 sequitur
478 3185 603 3237 meliorem.
622 3187 689 3238 Hinc
700 3188 837 3250 legendum
849 3194 888 3237 est
903 3184 950 3235 liae
965 3201 999 3236 sc.
1016 3187 1081 3250 pice.
1100 3226 1132 3236 ..
1150 3202 1187 3247 er,
1199 3185 1233 3235 V.
1251 3199 1273 3246 s,

149 3245 243 3314 αάβγ.
264 3290 295 3301 -
313 3254 398 3302 arbore
409 3253 535 3316 meliorem,
548 3256 593 3305 ad.
611 3254 727 3317 arborem,
740 3256 774 3306 V.

183 3320 197 3382 §
210 3323 250 3368 38.
268 3329 382 3380 cerasten,
394 3323 427 3371 V.
446 3322 565 3372 Ceteram
575 3336 599 3371 r.
611 3322 727 3373 Dioscor.
744 3327 765 3381 1,
778 3327 818 3371 94.
833 3362 864 3369 -
876 3318 1080 3379 santumnium,
1093 3334 1117 3367 a.
1135 3314 1273 3366 dannatio-

149 3385 223 3447 mbus,
239 3388 296 3439 Vd.
319 3387 517 3450 distillationibus,
534 3384 584 3452 βγ.
613 3429 644 3438 -
670 3387 834 3437 sternumentis
849 3403 862 3435 e
879 3386 979 3451 pituita,
996 3388 1029 3436 V.
1051 3385 1240 3435 sternutamentis
1256 3400 1274 3434 a

144 3453 242 3518 pituita,
258 3449 286 3505 θ.
308 3455 498 3506 sternutamentis
515 3455 636 3520 epituita,
649 3457 723 3520 Tdy.
746 3463 932 3505 sternutamenta
945 3453 1055 3519 pituitas,
1068 3472 1091 3505 a.
1114 3459 1273 3503 sternumenta

144 3520 254 3586 pituitas,
264 3520 287 3574 δ.
300 3523 490 3573 sternutamentis
495 3522 597 3588 pituitas,
607 3526 682 3574 codd.
691 3524 806 3574 Barbari.
818 3523 1016 3573 sternutamentis.
1025 3521 1124 3574 Pituitis
1133 3520 1272 3582 aurium,K.

147 3591 344 3642 sternutamentis.
362 3591 509 3653 Purulsntis,
521 3586 550 3653 β.
567 3594 609 3644 Ex
626 3593 677 3644 illis
694 3594 768 3643 codd.
786 3593 938 3644 lectionibus
949 3593 1099 3643 retinuimus
1110 3589 1274 3639 sternumentis

148 3665 174 3707 et
185 3674 209 3717 a,
222 3660 283 3722 quia
294 3676 306 3708 s
318 3660 369 3711 hoc
380 3676 456 3712 sensu
468 3663 537 3725 apud
548 3661 661 3712 Plinium
678 3661 729 3724 legi
741 3676 793 3711 non
807 3661 918 3724 memini,
935 3661 993 3712 call.
1006 3663 1038 3711 sd
1051 3666 1091 3721 36,
1106 3663 1162 3708 188.
1182 3698 1213 3707 -
1231 3672 1272 3706 sa·

147 3724 283 3788 mendonis,
292 3728 326 3778 V.
350 3769 381 3778 ..
406 3728 536 3790 slicmatac,
549 3730 582 3779 V.
606 3771 637 3780 ..
660 3728 831 3788 inritavit.
853 3724 986 3791 inflasti·
1009 3769 1040 3778 ..
1064 3724 1209 3790 capistrum
1225 3741 1273 3776 uva

144 3808 223 3856 passa
238 3802 262 3843 et
277 3796 390 3862 aaunpia.
417 3795 582 3859 Carbunculus,
594 3794 623 3858 β.
655 3800 789 3849 Meliorem
809 3799 1038 3863 interpunctionem
1063 3797 1273 3845 commendarunt

147 3861 238 3911 Deles.
256 3878 288 3913 ax
304 3865 422 3915 Dioscor.
440 3866 457 3916 l.
474 3866 490 3916 l.
508 3873 534 3915 at
549 3866 627 3916 Hurd.
645 3882 678 3917 ex
693 3867 779 3917 Plinio
797 3866 887 3917 Vslsr,
900 3873 925 3925 3,
937 3871 978 3925 22,
992 3868 1032 3914 30.
1053 3904 1084 3913 -
1103 3870 1194 3928 purpat
1206 3869 1235 3925 st,
1248 3879 1271 3913 a.

143 3937 243 3993 purgat,
254 3931 380 4049 (leurpat
391 3931 468 3998 sapiet
479 3948 530 3982 aum
542 3949 590 3982 uua
599 3950 675 3998 passa
686 3941 709 3982 et
720 3933 836 3999 aruaque,
848 3933 876 3984 V
887 3933 1018 3997 superiora
1029 3931 1096 3983 male
1107 3940 1271 3999 repetens...

146 4013 175 4045 su
201 4013 250 4060 ure,
290 4035 296 4049 .

209 4071 249 4115 39.
267 4065 429 4127 Pinnata.
452 4109 482 4118 -
507 4067 586 4128 etiarm
597 4068 632 4118 V.
651 4068 821 4132 Omittsdr.
847 4109 877 4118 ..
901 4070 1017 4130 mensurii,
1030 4084 1053 4120 a.
1077 4108 1108 4119 ..
1132 4064 1270 4132 quidemd.

147 4171 179 4180 -
205 4131 339 4198 Rapaclas,
356 4136 410 4184 Vd.
438 4133 599 4200 Repudium
627 4176 657 4185 -
685 4136 871 4196 strumas‚Vd.
893 4143 997 4185 strumas
1013 4131 1164 4200 item‚assy.
1183 4177 1214 4198 -÷
1237 4131 1274 4183 ad

145 4201 346 4317 gippurationem,
363 4206 407 4253 ad.
436 4209 459 4250 et
475 4202 674 4267 suppurationem,
691 4203 725 4254 V.
754 4244 785 4253 ..
813 4201 849 4253 Et
865 4201 906 4267 ad,
921 4205 975 4256 Va.
1003 4202 1046 4267 Er,
1062 4207 1087 4256 d.
1110 4203 1230 4257 Ceterum
1247 4217 1270 4252 v,

173 4268 265 4319 ioscor.
281 4275 303 4333 1,
315 4275 356 4322 at.
