<?xml version="1.0" encoding="UTF-8"?>
<!DOCTYPE html PUBLIC "-//W3C//DTD XHTML 1.0 Transitional//EN"
    "http://www.w3.org/TR/xhtml1/DTD/xhtml1-transitional.dtd">
<html xmlns="http://www.w3.org/1999/xhtml" xml:lang="en" lang="en">
 <head>
  <title>
</title>
<meta http-equiv="Content-Type" content="text/html;charset=utf-8" />
  <meta name='ocr-system' content='tesseract 3.04.00' />
  <meta name='ocr-capabilities' content='ocr_page ocr_carea ocr_par ocr_line ocrx_word'/>
</head>
<body>
  <div class='ocr_page' id='page_1' title='image "./cplinisecundina10plingoog_0074.png"; bbox 0 0 2918 4800; ppageno 0'>
   <div class='ocr_carea' id='block_1_1' title="bbox 390 297 1267 362">
    <p class='ocr_par' dir='ltr' id='par_1_1' title="bbox 390 297 1267 362">
     <span class='ocr_line' id='line_1_1' title="bbox 390 297 1267 362; baseline -0.001 -1"><span class='ocrx_word' id='word_1_1' title='bbox 390 316 460 362; x_wconf 87' lang='lat' dir='ltr'><strong>nm.</strong></span> <span class='ocrx_word' id='word_1_2' title='bbox 477 314 593 361; x_wconf 83' lang='lat' dir='ltr'><strong>xxrnr.</strong></span> <span class='ocrx_word' id='word_1_3' title='bbox 631 311 708 361; x_wconf 73' lang='lat' dir='ltr'><strong>cir.</strong></span> <span class='ocrx_word' id='word_1_4' title='bbox 725 312 801 360; x_wconf 86' lang='lat' dir='ltr'><strong>vm.</strong></span> <span class='ocrx_word' id='word_1_5' title='bbox 831 311 930 361; x_wconf 83' lang='lat' dir='ltr'><strong>sacr.</strong></span> <span class='ocrx_word' id='word_1_6' title='bbox 946 313 1027 358; x_wconf 63' lang='lat' dir='ltr'><strong>aa.</strong></span> <span class='ocrx_word' id='word_1_7' title='bbox 1227 297 1267 362; x_wconf 79' lang='grc'><strong>63</strong></span> 
     </span>
    </p>
   </div>
   <div class='ocr_carea' id='block_1_2' title="bbox 142 464 1319 2685">
    <p class='ocr_par' dir='ltr' id='par_1_2' title="bbox 142 464 1267 962">
     <span class='ocr_line' id='line_1_2' title="bbox 142 464 1266 556; baseline -0.004 -19"><span class='ocrx_word' id='word_1_8' title='bbox 142 470 268 537; x_wconf 87' lang='lat' dir='ltr'>Fundit</span> <span class='ocrx_word' id='word_1_9' title='bbox 290 468 344 534; x_wconf 91' lang='lat' dir='ltr'><strong>illa</strong></span> <span class='ocrx_word' id='word_1_10' title='bbox 367 479 399 533; x_wconf 91' lang='lat' dir='ltr'><strong>et</strong></span> <span class='ocrx_word' id='word_1_11' title='bbox 420 466 560 532; x_wconf 82' lang='lat' dir='ltr'><strong>resinam</strong></span> <span class='ocrx_word' id='word_1_12' title='bbox 583 465 734 553; x_wconf 82' lang='lat' dir='ltr'><strong>exiguam</strong></span> <span class='ocrx_word' id='word_1_13' title='bbox 761 486 827 550; x_wconf 91' lang='lat' dir='ltr'><strong>qua</strong></span> <span class='ocrx_word' id='word_1_14' title='bbox 847 473 979 529; x_wconf 91' lang='lat' dir='ltr'><strong>utuntur</strong></span> <span class='ocrx_word' id='word_1_15' title='bbox 1000 464 1042 529; x_wconf 91' lang='lat' dir='ltr'><strong>ad</strong></span> <span class='ocrx_word' id='word_1_16' title='bbox 1063 467 1266 556; x_wconf 79' lang='lat' dir='ltr'><strong>malagmata.</strong></span> 
     </span>
     <span class='ocr_line' id='line_1_3' title="bbox 144 565 1267 658; baseline -0.005 -20"><span class='ocrx_word' id='word_1_17' title='bbox 144 573 238 638; x_wconf 88' lang='lat' dir='ltr'><strong>Folia</strong></span> <span class='ocrx_word' id='word_1_18' title='bbox 259 569 414 658; x_wconf 79' lang='lat' dir='ltr'><strong>podagris</strong></span> <span class='ocrx_word' id='word_1_19' title='bbox 434 567 469 633; x_wconf 93' lang='lat' dir='ltr'><strong>in</strong></span> <span class='ocrx_word' id='word_1_20' title='bbox 490 579 580 633; x_wconf 87' lang='lat' dir='ltr'><strong>aceto</strong></span> <span class='ocrx_word' id='word_1_21' title='bbox 608 568 740 634; x_wconf 88' lang='lat' dir='ltr'><strong>decocta</strong></span> <span class='ocrx_word' id='word_1_22' title='bbox 766 567 974 652; x_wconf 91' lang='lat' dir='ltr'><strong>inponuntur.</strong></span> <span class='ocrx_word' id='word_1_23' title='bbox 1010 565 1113 634; x_wconf 89' lang='lat' dir='ltr'><strong>Umor</strong></span> <span class='ocrx_word' id='word_1_24' title='bbox 1139 591 1157 634; x_wconf 93' lang='lat' dir='ltr'><strong>e</strong></span> <span class='ocrx_word' id='word_1_25' title='bbox 1179 567 1267 634; x_wconf 87' lang='lat' dir='ltr'><strong>cavis</strong></span> 
     </span>
     <span class='ocr_line' id='line_1_4' title="bbox 142 668 1267 763; baseline -0.005 -23"><span class='ocrx_word' id='word_1_26' title='bbox 142 673 253 763; x_wconf 92' lang='lat' dir='ltr'><strong>populi</strong></span> <span class='ocrx_word' id='word_1_27' title='bbox 275 674 387 760; x_wconf 84' lang='lat' dir='ltr'><strong>nigrae</strong></span> <span class='ocrx_word' id='word_1_28' title='bbox 410 670 546 736; x_wconf 88' lang='lat' dir='ltr'><strong>effluens</strong></span> <span class='ocrx_word' id='word_1_29' title='bbox 568 692 718 736; x_wconf 79' lang='lat' dir='ltr'><strong>verrucas</strong></span> <span class='ocrx_word' id='word_1_30' title='bbox 740 668 940 756; x_wconf 87' lang='lat' dir='ltr'><strong>papulasque</strong></span> <span class='ocrx_word' id='word_1_31' title='bbox 955 690 996 734; x_wconf 83' lang='lat' dir='ltr'><strong>ex</strong></span> <span class='ocrx_word' id='word_1_32' title='bbox 1012 668 1123 733; x_wconf 86' lang='lat' dir='ltr'><strong>attritu</strong></span> <span class='ocrx_word' id='word_1_33' title='bbox 1138 669 1267 734; x_wconf 86' lang='lat' dir='ltr'><strong>obortas</strong></span> 
     </span>
     <span class='ocr_line' id='line_1_5' title="bbox 144 770 1267 861; baseline -0.006 -19"><span class='ocrx_word' id='word_1_34' title='bbox 144 777 234 842; x_wconf 86' lang='lat' dir='ltr'><strong>tollit.</strong></span> <span class='ocrx_word' id='word_1_35' title='bbox 263 774 381 861; x_wconf 90' lang='lat' dir='ltr'>Populi</span> <span class='ocrx_word' id='word_1_36' title='bbox 402 773 513 838; x_wconf 86' lang='lat' dir='ltr'><strong>ferunt</strong></span> <span class='ocrx_word' id='word_1_37' title='bbox 535 771 622 838; x_wconf 90' lang='lat' dir='ltr'><strong>etin</strong></span> <span class='ocrx_word' id='word_1_38' title='bbox 644 770 728 836; x_wconf 84' lang='lat' dir='ltr'><strong>foliis</strong></span> <span class='ocrx_word' id='word_1_39' title='bbox 750 781 877 858; x_wconf 85' lang='lat' dir='ltr'><strong>guttam</strong></span> <span class='ocrx_word' id='word_1_40' title='bbox 899 791 939 834; x_wconf 82' lang='lat' dir='ltr'><strong>ex</strong></span> <span class='ocrx_word' id='word_1_41' title='bbox 961 790 1026 853; x_wconf 90' lang='lat' dir='ltr'><strong>qua</strong></span> <span class='ocrx_word' id='word_1_42' title='bbox 1046 792 1125 855; x_wconf 90' lang='lat' dir='ltr'><strong>apes</strong></span> <span class='ocrx_word' id='word_1_43' title='bbox 1146 791 1267 857; x_wconf 91' lang='lat' dir='ltr'><strong>propo·</strong></span> 
     </span>
     <span class='ocr_line' id='line_1_6' title="bbox 143 871 1266 962; baseline -0.007 -16"><span class='ocrx_word' id='word_1_44' title='bbox 143 880 200 945; x_wconf 92' lang='lat' dir='ltr'><strong>lim</strong></span> <span class='ocrx_word' id='word_1_45' title='bbox 221 879 359 955; x_wconf 84' lang='lat' dir='ltr'><strong>faciunt3</strong></span> <span class='ocrx_word' id='word_1_46' title='bbox 382 885 476 962; x_wconf 86' lang='lat' dir='ltr'><strong>gutta</strong></span> <span class='ocrx_word' id='word_1_47' title='bbox 496 894 625 958; x_wconf 91' lang='lat' dir='ltr'><strong>quoque</strong></span> <span class='ocrx_word' id='word_1_48' title='bbox 646 894 748 957; x_wconf 90' lang='lat' dir='ltr'><strong>aeque</strong></span> <span class='ocrx_word' id='word_1_49' title='bbox 771 894 809 937; x_wconf 89' lang='lat' dir='ltr'><strong>so</strong></span> <span class='ocrx_word' id='word_1_50' title='bbox 831 871 974 958; x_wconf 81' lang='lat' dir='ltr'><strong>propolis</strong></span> <span class='ocrx_word' id='word_1_51' title='bbox 988 894 1028 937; x_wconf 88' lang='lat' dir='ltr'><strong>ex</strong></span> <span class='ocrx_word' id='word_1_52' title='bbox 1044 894 1127 956; x_wconf 89' lang='lat' dir='ltr'><strong>aqua</strong></span> <span class='ocrx_word' id='word_1_53' title='bbox 1141 871 1266 938; x_wconf 87' lang='lat' dir='ltr'><strong>efficax.</strong></span> 
     </span>
    </p>

    <p class='ocr_par' dir='ltr' id='par_1_3' title="bbox 144 971 1317 2280">
     <span class='ocr_line' id='line_1_7' title="bbox 185 971 1315 1059; baseline -0.007 -12"><span class='ocrx_word' id='word_1_54' title='bbox 185 983 239 1047; x_wconf 82' lang='lat'><strong>33.</strong></span> <span class='ocrx_word' id='word_1_55' title='bbox 269 978 359 1045; x_wconf 88' lang='lat' dir='ltr'><strong>Ulmi</strong></span> <span class='ocrx_word' id='word_1_56' title='bbox 380 988 412 1042; x_wconf 88' lang='lat' dir='ltr'><strong>et</strong></span> <span class='ocrx_word' id='word_1_57' title='bbox 435 975 512 1041; x_wconf 90' lang='lat' dir='ltr'><strong>folia</strong></span> <span class='ocrx_word' id='word_1_58' title='bbox 533 985 565 1040; x_wconf 91' lang='lat' dir='ltr'><strong>et</strong></span> <span class='ocrx_word' id='word_1_59' title='bbox 585 985 695 1040; x_wconf 80' lang='lat' dir='ltr'><strong>cortex</strong></span> <span class='ocrx_word' id='word_1_60' title='bbox 723 984 757 1039; x_wconf 87' lang='lat' dir='ltr'><strong>et</strong></span> <span class='ocrx_word' id='word_1_61' title='bbox 777 973 858 1038; x_wconf 88' lang='lat' dir='ltr'><strong>rami</strong></span> <span class='ocrx_word' id='word_1_62' title='bbox 880 973 946 1039; x_wconf 87' lang='lat' dir='ltr'><strong>vim</strong></span> <span class='ocrx_word' id='word_1_63' title='bbox 965 971 1085 1039; x_wconf 88' lang='lat' dir='ltr'><strong>habent</strong></span> <span class='ocrx_word' id='word_1_64' title='bbox 1107 973 1267 1059; x_wconf 87' lang='lat' dir='ltr'><strong>spissandi</strong></span> <span class='ocrx_word' id='word_1_65' title='bbox 1282 997 1315 1041; x_wconf 74' lang='lat' dir='ltr'><strong>as</strong></span> 
     </span>
     <span class='ocr_line' id='line_1_8' title="bbox 145 1074 1270 1162; baseline -0.004 -18"><span class='ocrx_word' id='word_1_66' title='bbox 145 1092 177 1144; x_wconf 88' lang='lat' dir='ltr'><strong>et</strong></span> <span class='ocrx_word' id='word_1_67' title='bbox 209 1078 340 1146; x_wconf 88' lang='lat' dir='ltr'><strong>volnera</strong></span> <span class='ocrx_word' id='word_1_68' title='bbox 366 1075 591 1152; x_wconf 82' lang='lat' dir='ltr'><strong>contrahendi3</strong></span> <span class='ocrx_word' id='word_1_69' title='bbox 621 1074 746 1142; x_wconf 78' lang='lat' dir='ltr'><strong>corticis</strong></span> <span class='ocrx_word' id='word_1_70' title='bbox 772 1076 884 1160; x_wconf 89' lang='lat' dir='ltr'><strong>utique</strong></span> <span class='ocrx_word' id='word_1_71' title='bbox 911 1075 1044 1141; x_wconf 89' lang='lat' dir='ltr'><strong>interior</strong></span> <span class='ocrx_word' id='word_1_72' title='bbox 1069 1076 1137 1140; x_wconf 87' lang='lat' dir='ltr'><strong>tilia</strong></span> <span class='ocrx_word' id='word_1_73' title='bbox 1161 1077 1270 1162; x_wconf 89' lang='lat' dir='ltr'><strong>lepras</strong></span> 
     </span>
     <span class='ocr_line' id='line_1_9' title="bbox 147 1176 1269 1265; baseline -0.007 -15"><span class='ocrx_word' id='word_1_74' title='bbox 147 1183 238 1249; x_wconf 90' lang='lat' dir='ltr'><strong>sedat</strong></span> <span class='ocrx_word' id='word_1_75' title='bbox 260 1191 291 1247; x_wconf 86' lang='lat' dir='ltr'><strong>et</strong></span> <span class='ocrx_word' id='word_1_76' title='bbox 311 1181 388 1246; x_wconf 85' lang='lat' dir='ltr'><strong>folia</strong></span> <span class='ocrx_word' id='word_1_77' title='bbox 409 1203 450 1245; x_wconf 87' lang='lat' dir='ltr'><strong>ex</strong></span> <span class='ocrx_word' id='word_1_78' title='bbox 472 1190 563 1244; x_wconf 87' lang='lat' dir='ltr'><strong>aceto</strong></span> <span class='ocrx_word' id='word_1_79' title='bbox 583 1178 683 1243; x_wconf 90' lang='lat' dir='ltr'><strong>inlita.</strong></span> <span class='ocrx_word' id='word_1_80' title='bbox 715 1176 854 1243; x_wconf 84' lang='lat' dir='ltr'><strong>Cortiois</strong></span> <span class='ocrx_word' id='word_1_81' title='bbox 876 1176 988 1242; x_wconf 89' lang='lat' dir='ltr'><strong>denari</strong></span> <span class='ocrx_word' id='word_1_82' title='bbox 1010 1178 1137 1264; x_wconf 91' lang='lat' dir='ltr'><strong>pondus</strong></span> <span class='ocrx_word' id='word_1_83' title='bbox 1157 1189 1269 1265; x_wconf 88' lang='lat' dir='ltr'><strong>potum</strong></span> 
     </span>
     <span class='ocr_line' id='line_1_10' title="bbox 144 1280 1271 1368; baseline -0.004 -20"><span class='ocrx_word' id='word_1_84' title='bbox 144 1285 178 1348; x_wconf 95' lang='lat' dir='ltr'><strong>in</strong></span> <span class='ocrx_word' id='word_1_85' title='bbox 199 1283 327 1348; x_wconf 93' lang='lat' dir='ltr'><strong>hemina</strong></span> <span class='ocrx_word' id='word_1_86' title='bbox 348 1303 451 1366; x_wconf 89' lang='lat' dir='ltr'><strong>aquae</strong></span> <span class='ocrx_word' id='word_1_87' title='bbox 473 1280 611 1367; x_wconf 88' lang='lat' dir='ltr'><strong>frigidae</strong></span> <span class='ocrx_word' id='word_1_88' title='bbox 632 1281 736 1346; x_wconf 90' lang='lat' dir='ltr'><strong>alvom</strong></span> <span class='ocrx_word' id='word_1_89' title='bbox 758 1291 878 1368; x_wconf 86' lang='lat' dir='ltr'><strong>purgat</strong></span> <span class='ocrx_word' id='word_1_90' title='bbox 898 1280 1094 1366; x_wconf 85' lang='lat' dir='ltr'><strong>pituitasque</strong></span> <span class='ocrx_word' id='word_1_91' title='bbox 1117 1290 1149 1345; x_wconf 87' lang='lat' dir='ltr'><strong>et</strong></span> <span class='ocrx_word' id='word_1_92' title='bbox 1171 1301 1271 1364; x_wconf 87' lang='lat' dir='ltr'><strong>aquas</strong></span> 
     </span>
     <span class='ocr_line' id='line_1_11' title="bbox 145 1380 1270 1471; baseline -0.002 -22"><span class='ocrx_word' id='word_1_93' title='bbox 145 1383 295 1471; x_wconf 85' lang='lat' dir='ltr'><strong>privatim</strong></span> <span class='ocrx_word' id='word_1_94' title='bbox 319 1383 425 1448; x_wconf 87' lang='lat' dir='ltr'><strong>trahit.</strong></span> <span class='ocrx_word' id='word_1_95' title='bbox 447 1381 617 1468; x_wconf 87' lang='lat' dir='ltr'><strong>Inponitur</strong></span> <span class='ocrx_word' id='word_1_96' title='bbox 639 1392 672 1447; x_wconf 88' lang='lat' dir='ltr'><strong>et</strong></span> <span class='ocrx_word' id='word_1_97' title='bbox 693 1380 933 1448; x_wconf 85' lang='lat' dir='ltr'><strong>collectionibus</strong></span> <span class='ocrx_word' id='word_1_98' title='bbox 954 1382 1085 1447; x_wconf 88' lang='lat' dir='ltr'><strong>lacrima</strong></span> <span class='ocrx_word' id='word_1_99' title='bbox 1106 1391 1138 1446; x_wconf 88' lang='lat' dir='ltr'><strong>et</strong></span> <span class='ocrx_word' id='word_1_100' title='bbox 1158 1382 1270 1447; x_wconf 86' lang='lat' dir='ltr'><strong>volne-</strong></span> 
     </span>
     <span class='ocr_line' id='line_1_12' title="bbox 144 1482 1317 1569; baseline -0.002 -19"><span class='ocrx_word' id='word_1_101' title='bbox 144 1486 234 1551; x_wconf 89' lang='lat' dir='ltr'><strong>ribus</strong></span> <span class='ocrx_word' id='word_1_102' title='bbox 255 1496 288 1550; x_wconf 90' lang='lat' dir='ltr'><strong>et</strong></span> <span class='ocrx_word' id='word_1_103' title='bbox 308 1483 466 1550; x_wconf 87' lang='lat' dir='ltr'><strong>ambustis</strong></span> <span class='ocrx_word' id='word_1_104' title='bbox 486 1505 569 1569; x_wconf 87' lang='lat' dir='ltr'><strong>quae</strong></span> <span class='ocrx_word' id='word_1_105' title='bbox 591 1483 719 1548; x_wconf 91' lang='lat' dir='ltr'><strong>decocto</strong></span> <span class='ocrx_word' id='word_1_106' title='bbox 740 1483 849 1549; x_wconf 88' lang='lat' dir='ltr'><strong>fovere</strong></span> <span class='ocrx_word' id='word_1_107' title='bbox 864 1483 1004 1568; x_wconf 91' lang='lat' dir='ltr'><strong>prodest.</strong></span> <span class='ocrx_word' id='word_1_108' title='bbox 1028 1482 1132 1551; x_wconf 90' lang='lat' dir='ltr'><strong>Umor</strong></span> <span class='ocrx_word' id='word_1_109' title='bbox 1152 1483 1186 1547; x_wconf 91' lang='lat' dir='ltr'><strong>in</strong></span> <span class='ocrx_word' id='word_1_110' title='bbox 1208 1483 1269 1548; x_wconf 87' lang='lat' dir='ltr'><strong>fol·</strong></span> <span class='ocrx_word' id='word_1_111' title='bbox 1284 1505 1317 1548; x_wconf 78' lang='lat' dir='ltr'><strong>cs</strong></span> 
     </span>
     <span class='ocr_line' id='line_1_13' title="bbox 144 1583 1271 1669; baseline -0.003 -16"><span class='ocrx_word' id='word_1_112' title='bbox 144 1586 250 1654; x_wconf 89' lang='lat' dir='ltr'><strong>liculis</strong></span> <span class='ocrx_word' id='word_1_113' title='bbox 271 1585 395 1652; x_wconf 90' lang='lat' dir='ltr'><strong>arboris</strong></span> <span class='ocrx_word' id='word_1_114' title='bbox 415 1584 512 1650; x_wconf 92' lang='lat' dir='ltr'><strong>huius</strong></span> <span class='ocrx_word' id='word_1_115' title='bbox 534 1606 670 1650; x_wconf 89' lang='lat' dir='ltr'><strong>nascens</strong></span> <span class='ocrx_word' id='word_1_116' title='bbox 699 1584 764 1650; x_wconf 85' lang='lat' dir='ltr'><strong>cuti</strong></span> <span class='ocrx_word' id='word_1_117' title='bbox 790 1584 927 1650; x_wconf 90' lang='lat' dir='ltr'><strong>nitorem</strong></span> <span class='ocrx_word' id='word_1_118' title='bbox 948 1583 1072 1649; x_wconf 90' lang='lat' dir='ltr'><strong>inducit</strong></span> <span class='ocrx_word' id='word_1_119' title='bbox 1091 1584 1271 1669; x_wconf 84' lang='lat' dir='ltr'><strong>faciemque</strong></span> 
     </span>
     <span class='ocr_line' id='line_1_14' title="bbox 146 1682 1271 1776; baseline -0.004 -22"><span class='ocrx_word' id='word_1_120' title='bbox 146 1690 317 1776; x_wconf 84' lang='lat' dir='ltr'><strong>gratiorem</strong></span> <span class='ocrx_word' id='word_1_121' title='bbox 337 1697 491 1774; x_wconf 88' lang='lat' dir='ltr'><strong>praestat.</strong></span> <span class='ocrx_word' id='word_1_122' title='bbox 515 1682 674 1752; x_wconf 86' lang='lat' dir='ltr'><strong>Cauliculi</strong></span> <span class='ocrx_word' id='word_1_123' title='bbox 689 1685 839 1752; x_wconf 87' lang='lat' dir='ltr'><strong>foliorum</strong></span> <span class='ocrx_word' id='word_1_124' title='bbox 858 1685 955 1772; x_wconf 87' lang='lat' dir='ltr'><strong>primi</strong></span> <span class='ocrx_word' id='word_1_125' title='bbox 975 1684 1050 1751; x_wconf 83' lang='lat' dir='ltr'><strong>vino</strong></span> <span class='ocrx_word' id='word_1_126' title='bbox 1072 1686 1196 1752; x_wconf 89' lang='lat' dir='ltr'><strong>decocti</strong></span> <span class='ocrx_word' id='word_1_127' title='bbox 1218 1697 1271 1751; x_wconf 88' lang='lat' dir='ltr'><strong>tu-</strong></span> 
     </span>
     <span class='ocr_line' id='line_1_15' title="bbox 148 1787 1272 1874; baseline -0.003 -18"><span class='ocrx_word' id='word_1_128' title='bbox 148 1814 254 1856; x_wconf 91' lang='lat' dir='ltr'><strong>mores</strong></span> <span class='ocrx_word' id='word_1_129' title='bbox 281 1799 395 1855; x_wconf 85' lang='lat' dir='ltr'><strong>sanant</strong></span> <span class='ocrx_word' id='word_1_130' title='bbox 424 1788 657 1872; x_wconf 85' lang='lat' dir='ltr'><strong>extrahuntque</strong></span> <span class='ocrx_word' id='word_1_131' title='bbox 682 1810 742 1874; x_wconf 90' lang='lat' dir='ltr'><strong>per</strong></span> <span class='ocrx_word' id='word_1_132' title='bbox 769 1787 892 1853; x_wconf 84' lang='lat' dir='ltr'><strong>fistulas</strong></span> <span class='ocrx_word' id='word_1_133' title='bbox 899 1813 908 1866; x_wconf 91' lang='lat'>;</span> <span class='ocrx_word' id='word_1_134' title='bbox 935 1788 1021 1853; x_wconf 90' lang='lat' dir='ltr'><strong>idem</strong></span> <span class='ocrx_word' id='word_1_135' title='bbox 1047 1799 1212 1873; x_wconf 89' lang='lat' dir='ltr'><strong>praestant</strong></span> <span class='ocrx_word' id='word_1_136' title='bbox 1239 1799 1272 1854; x_wconf 91' lang='lat' dir='ltr'><strong>et</strong></span> 
     </span>
     <span class='ocr_line' id='line_1_16' title="bbox 148 1887 1272 1958; baseline -0.004 -1"><span class='ocrx_word' id='word_1_137' title='bbox 148 1893 234 1958; x_wconf 88' lang='lat' dir='ltr'><strong>tiliae</strong></span> <span class='ocrx_word' id='word_1_138' title='bbox 256 1889 394 1957; x_wconf 87' lang='lat' dir='ltr'><strong>corticis.</strong></span> <span class='ocrx_word' id='word_1_139' title='bbox 416 1887 516 1955; x_wconf 88' lang='lat' dir='ltr'><strong>Multi</strong></span> <span class='ocrx_word' id='word_1_140' title='bbox 538 1890 688 1956; x_wconf 89' lang='lat' dir='ltr'><strong>corticem</strong></span> <span class='ocrx_word' id='word_1_141' title='bbox 704 1889 993 1955; x_wconf 85' lang='lat' dir='ltr'><strong>conmanducatam</strong></span> <span class='ocrx_word' id='word_1_142' title='bbox 1007 1889 1192 1955; x_wconf 89' lang='lat' dir='ltr'><strong>volueribus</strong></span> <span class='ocrx_word' id='word_1_143' title='bbox 1205 1891 1272 1954; x_wconf 89' lang='lat' dir='ltr'><strong>uti·</strong></span> 
     </span>
     <span class='ocr_line' id='line_1_17' title="bbox 146 1990 1272 2078; baseline -0.004 -18"><span class='ocrx_word' id='word_1_144' title='bbox 146 1995 305 2060; x_wconf 83' lang='lat' dir='ltr'><strong>lissimum</strong></span> <span class='ocrx_word' id='word_1_145' title='bbox 330 2000 461 2078; x_wconf 87' lang='lat' dir='ltr'><strong>putant,</strong></span> <span class='ocrx_word' id='word_1_146' title='bbox 487 1991 564 2056; x_wconf 90' lang='lat' dir='ltr'><strong>folia</strong></span> <span class='ocrx_word' id='word_1_147' title='bbox 593 1991 667 2056; x_wconf 87' lang='lat' dir='ltr'><strong>trita</strong></span> <span class='ocrx_word' id='word_1_148' title='bbox 694 2012 778 2075; x_wconf 88' lang='lat' dir='ltr'><strong>aqua</strong></span> <span class='ocrx_word' id='word_1_149' title='bbox 803 1992 979 2075; x_wconf 89' lang='lat' dir='ltr'><strong>adaspersa</strong></span> <span class='ocrx_word' id='word_1_150' title='bbox 1004 1990 1124 2076; x_wconf 91' lang='lat' dir='ltr'><strong>pedum</strong></span> <span class='ocrx_word' id='word_1_151' title='bbox 1146 1991 1272 2057; x_wconf 82' lang='lat' dir='ltr'><strong>tumori.</strong></span> 
     </span>
     <span class='ocr_line' id='line_1_18' title="bbox 149 2090 1271 2178; baseline -0.004 -17"><span class='ocrx_word' id='word_1_152' title='bbox 149 2095 253 2161; x_wconf 91' lang='lat' dir='ltr'><strong>Umor</strong></span> <span class='ocrx_word' id='word_1_153' title='bbox 274 2115 401 2178; x_wconf 91' lang='lat' dir='ltr'><strong>quoque</strong></span> <span class='ocrx_word' id='word_1_154' title='bbox 424 2115 442 2157; x_wconf 93' lang='lat' dir='ltr'><strong>e</strong></span> <span class='ocrx_word' id='word_1_155' title='bbox 464 2092 613 2170; x_wconf 85' lang='lat' dir='ltr'><strong>medulla,</strong></span> <span class='ocrx_word' id='word_1_156' title='bbox 642 2092 862 2170; x_wconf 71' lang='lat' dir='ltr'><strong>addiximus,</strong></span> <span class='ocrx_word' id='word_1_157' title='bbox 891 2101 1046 2155; x_wconf 88' lang='lat' dir='ltr'><strong>castratae</strong></span> <span class='ocrx_word' id='word_1_158' title='bbox 1074 2090 1197 2157; x_wconf 89' lang='lat' dir='ltr'><strong>arboris</strong></span> <span class='ocrx_word' id='word_1_159' title='bbox 1224 2093 1271 2157; x_wconf 88' lang='lat' dir='ltr'><strong>ef-</strong></span> 
     </span>
     <span class='ocr_line' id='line_1_19' title="bbox 148 2191 1229 2280; baseline -0.003 -20"><span class='ocrx_word' id='word_1_160' title='bbox 148 2195 250 2260; x_wconf 86' lang='lat' dir='ltr'><strong>fluens</strong></span> <span class='ocrx_word' id='word_1_161' title='bbox 271 2194 422 2280; x_wconf 90' lang='lat' dir='ltr'><strong>capillum</strong></span> <span class='ocrx_word' id='word_1_162' title='bbox 444 2192 550 2257; x_wconf 87' lang='lat' dir='ltr'><strong>reddit</strong></span> <span class='ocrx_word' id='word_1_163' title='bbox 571 2192 669 2278; x_wconf 89' lang='lat' dir='ltr'><strong>capiti</strong></span> <span class='ocrx_word' id='word_1_164' title='bbox 692 2192 801 2258; x_wconf 90' lang='lat' dir='ltr'><strong>inlitus</strong></span> <span class='ocrx_word' id='word_1_165' title='bbox 823 2191 1056 2276; x_wconf 88' lang='lat' dir='ltr'><strong>defluentisque</strong></span> <span class='ocrx_word' id='word_1_166' title='bbox 1078 2193 1229 2259; x_wconf 88' lang='lat' dir='ltr'><strong>continet.</strong></span> 
     </span>
    </p>

    <p class='ocr_par' dir='ltr' id='par_1_4' title="bbox 149 2293 1319 2685">
     <span class='ocr_line' id='line_1_20' title="bbox 192 2293 1319 2379; baseline 0 -18"><span class='ocrx_word' id='word_1_167' title='bbox 192 2298 243 2361; x_wconf 81' lang='lat'><strong>34.</strong></span> <span class='ocrx_word' id='word_1_168' title='bbox 266 2295 377 2361; x_wconf 84' lang='lat' dir='ltr'><strong>Arbor</strong></span> <span class='ocrx_word' id='word_1_169' title='bbox 399 2295 466 2360; x_wconf 90' lang='lat' dir='ltr'><strong>tilia</strong></span> <span class='ocrx_word' id='word_1_170' title='bbox 487 2293 593 2360; x_wconf 89' lang='lat' dir='ltr'><strong>leuius</strong></span> <span class='ocrx_word' id='word_1_171' title='bbox 614 2295 655 2359; x_wconf 89' lang='lat' dir='ltr'><strong>ad</strong></span> <span class='ocrx_word' id='word_1_172' title='bbox 678 2293 791 2358; x_wconf 90' lang='lat' dir='ltr'><strong>eadem</strong></span> <span class='ocrx_word' id='word_1_173' title='bbox 811 2293 879 2359; x_wconf 86' lang='lat' dir='ltr'><strong>fere</strong></span> <span class='ocrx_word' id='word_1_174' title='bbox 900 2293 989 2359; x_wconf 90' lang='lat' dir='ltr'><strong>utilis</strong></span> <span class='ocrx_word' id='word_1_175' title='bbox 1003 2306 1052 2360; x_wconf 91' lang='lat' dir='ltr'><strong>est</strong></span> <span class='ocrx_word' id='word_1_176' title='bbox 1069 2306 1164 2379; x_wconf 91' lang='lat' dir='ltr'><strong>atque</strong></span> <span class='ocrx_word' id='word_1_177' title='bbox 1187 2296 1272 2360; x_wconf 92' lang='lat' dir='ltr'><strong>olea-</strong></span> <span class='ocrx_word' id='word_1_178' title='bbox 1287 2318 1319 2361; x_wconf 82' lang='lat' dir='ltr'><strong>so</strong></span> 
     </span>
     <span class='ocr_line' id='line_1_21' title="bbox 151 2395 1273 2475; baseline -0.001 -13"><span class='ocrx_word' id='word_1_179' title='bbox 151 2409 233 2474; x_wconf 86' lang='lat' dir='ltr'><strong>ster3</strong></span> <span class='ocrx_word' id='word_1_180' title='bbox 262 2396 337 2462; x_wconf 81' lang='lat' dir='ltr'><strong>folia</strong></span> <span class='ocrx_word' id='word_1_181' title='bbox 364 2408 472 2461; x_wconf 90' lang='lat' dir='ltr'><strong>autem</strong></span> <span class='ocrx_word' id='word_1_182' title='bbox 494 2407 619 2461; x_wconf 85' lang='lat' dir='ltr'><strong>tantum</strong></span> <span class='ocrx_word' id='word_1_183' title='bbox 642 2395 675 2460; x_wconf 94' lang='lat' dir='ltr'><strong>in</strong></span> <span class='ocrx_word' id='word_1_184' title='bbox 697 2417 758 2461; x_wconf 90' lang='lat' dir='ltr'><strong>usu</strong></span> <span class='ocrx_word' id='word_1_185' title='bbox 780 2395 823 2459; x_wconf 85' lang='lat' dir='ltr'><strong>ad</strong></span> <span class='ocrx_word' id='word_1_186' title='bbox 843 2395 1013 2460; x_wconf 83' lang='lat' dir='ltr'><strong>infantium</strong></span> <span class='ocrx_word' id='word_1_187' title='bbox 1039 2397 1158 2475; x_wconf 89' lang='lat' dir='ltr'><strong>ulcera,</strong></span> <span class='ocrx_word' id='word_1_188' title='bbox 1185 2397 1273 2463; x_wconf 91' lang='lat' dir='ltr'><strong>etin</strong></span> 
     </span>
     <span class='ocr_line' id='line_1_22' title="bbox 149 2496 1275 2576; baseline -0.001 -13"><span class='ocrx_word' id='word_1_189' title='bbox 149 2522 204 2563; x_wconf 90' lang='lat' dir='ltr'><strong>ore</strong></span> <span class='ocrx_word' id='word_1_190' title='bbox 226 2498 477 2563; x_wconf 85' lang='lat' dir='ltr'><strong>conmanducata</strong></span> <span class='ocrx_word' id='word_1_191' title='bbox 506 2508 539 2562; x_wconf 88' lang='lat' dir='ltr'><strong>et</strong></span> <span class='ocrx_word' id='word_1_192' title='bbox 567 2498 698 2562; x_wconf 88' lang='lat' dir='ltr'><strong>decocta</strong></span> <span class='ocrx_word' id='word_1_193' title='bbox 726 2496 850 2562; x_wconf 91' lang='lat' dir='ltr'><strong>urinam</strong></span> <span class='ocrx_word' id='word_1_194' title='bbox 880 2497 974 2576; x_wconf 88' lang='lat' dir='ltr'><strong>cient,</strong></span> <span class='ocrx_word' id='word_1_195' title='bbox 1001 2520 1129 2565; x_wconf 89' lang='lat' dir='ltr'><strong>menses</strong></span> <span class='ocrx_word' id='word_1_196' title='bbox 1157 2498 1275 2564; x_wconf 89' lang='lat' dir='ltr'><strong>sistunt</strong></span> 
     </span>
     <span class='ocr_line' id='line_1_23' title="bbox 151 2598 766 2685; baseline -0.002 -21"><span class='ocrx_word' id='word_1_197' title='bbox 151 2600 252 2678; x_wconf 90' lang='lat' dir='ltr'><strong>inlita,</strong></span> <span class='ocrx_word' id='word_1_198' title='bbox 274 2599 463 2685; x_wconf 84' lang='lat' dir='ltr'><strong>sanguinem</strong></span> <span class='ocrx_word' id='word_1_199' title='bbox 486 2609 564 2684; x_wconf 87' lang='lat' dir='ltr'><strong>pota</strong></span> <span class='ocrx_word' id='word_1_200' title='bbox 584 2598 766 2665; x_wconf 84' lang='lat' dir='ltr'><strong>detrahunt.</strong></span> 
     </span>
    </p>
   </div>
   <div class='ocr_carea' id='block_1_3' title="bbox 148 2833 1277 3238">
    <p class='ocr_par' dir='ltr' id='par_1_5' title="bbox 148 2833 1277 3238">
     <span class='ocr_line' id='line_1_24' title="bbox 151 2833 1276 2906; baseline 0.003 -19"><span class='ocrx_word' id='word_1_201' title='bbox 151 2839 256 2889; x_wconf 83' lang='lat' dir='ltr'><strong>oboritur</strong></span> <span class='ocrx_word' id='word_1_202' title='bbox 269 2845 309 2900; x_wconf 85' lang='lat'><strong>10,</strong></span> <span class='ocrx_word' id='word_1_203' title='bbox 324 2845 380 2890; x_wconf 73' lang='lat' dir='ltr'><strong>lli.</strong></span> <span class='ocrx_word' id='word_1_204' title='bbox 400 2880 431 2889; x_wconf 86' lang='lat'><strong>..</strong></span> <span class='ocrx_word' id='word_1_205' title='bbox 454 2837 597 2903; x_wconf 82' lang='lat' dir='ltr'><strong>etiasoliis,</strong></span> <span class='ocrx_word' id='word_1_206' title='bbox 613 2833 759 2891; x_wconf 75' lang='lat' dir='ltr'><strong>OVTadr.</strong></span> <span class='ocrx_word' id='word_1_207' title='bbox 783 2848 806 2890; x_wconf 89' lang='lat' dir='ltr'><strong>et</strong></span> <span class='ocrx_word' id='word_1_208' title='bbox 808 2838 890 2903; x_wconf 64' lang='lat' dir='ltr'><strong>soliis,</strong></span> <span class='ocrx_word' id='word_1_209' title='bbox 900 2836 930 2904; x_wconf 77' lang='grc' dir='ltr'>β</span> <span class='ocrx_word' id='word_1_210' title='bbox 948 2884 979 2893; x_wconf 84' lang='grc'>-</span> <span class='ocrx_word' id='word_1_211' title='bbox 999 2856 1276 2906; x_wconf 78' lang='lat' dir='ltr'><strong>qaaapes-aeqaeac</strong></span> 
     </span>
     <span class='ocr_line' id='line_1_25' title="bbox 148 2905 1275 2974; baseline 0.003 -19"><span class='ocrx_word' id='word_1_212' title='bbox 148 2905 263 2970; x_wconf 79' lang='lat' dir='ltr'><strong>propolis,</strong></span> <span class='ocrx_word' id='word_1_213' title='bbox 280 2922 330 2956; x_wconf 90' lang='lat' dir='ltr'><strong>orn.</strong></span> <span class='ocrx_word' id='word_1_214' title='bbox 344 2909 368 2956; x_wconf 92' lang='lat' dir='ltr'><strong>d.</strong></span> <span class='ocrx_word' id='word_1_215' title='bbox 386 2948 416 2957; x_wconf 91' lang='lat'><strong>..</strong></span> <span class='ocrx_word' id='word_1_216' title='bbox 441 2908 870 2974; x_wconf 70' lang='lat' dir='ltr'><strong>qaoque‚vrc.0mira11arc.7.</strong></span> <span class='ocrx_word' id='word_1_217' title='bbox 889 2950 920 2958; x_wconf 83' lang='grc'>-</span> <span class='ocrx_word' id='word_1_218' title='bbox 938 2908 1179 2974; x_wconf 72' lang='lat' dir='ltr'><strong>asparacpropolis,</strong></span> <span class='ocrx_word' id='word_1_219' title='bbox 1190 2910 1275 2960; x_wconf 84' lang='lat' dir='ltr'><strong>Hand.</strong></span> 
     </span>
     <span class='ocr_line' id='line_1_26' title="bbox 152 2972 1275 3041; baseline 0 -17"><span class='ocrx_word' id='word_1_220' title='bbox 152 2976 261 3024; x_wconf 88' lang='lat' dir='ltr'><strong>Tursell.</strong></span> <span class='ocrx_word' id='word_1_221' title='bbox 278 2981 370 3035; x_wconf 82' lang='lat'><strong>1,193.</strong></span> <span class='ocrx_word' id='word_1_222' title='bbox 397 2991 476 3038; x_wconf 81' lang='lat' dir='ltr'><strong>aquae</strong></span> <span class='ocrx_word' id='word_1_223' title='bbox 489 2975 601 3038; x_wconf 77' lang='lat' dir='ltr'><strong>propolis,</strong></span> <span class='ocrx_word' id='word_1_224' title='bbox 619 2972 730 3041; x_wconf 67' lang='lat' dir='ltr'><strong>VTop.</strong></span> <span class='ocrx_word' id='word_1_225' title='bbox 757 2993 831 3040; x_wconf 80' lang='lat' dir='ltr'><strong>aequa</strong></span> <span class='ocrx_word' id='word_1_226' title='bbox 844 2975 946 3041; x_wconf 87' lang='lat' dir='ltr'><strong>propoli,</strong></span> <span class='ocrx_word' id='word_1_227' title='bbox 962 2979 1040 3028; x_wconf 85' lang='lat' dir='ltr'><strong>Hurd.</strong></span> <span class='ocrx_word' id='word_1_228' title='bbox 1053 2992 1078 3041; x_wconf 77' lang='grc' dir='ltr'><strong>γ.</strong></span> <span class='ocrx_word' id='word_1_229' title='bbox 1098 3018 1129 3027; x_wconf 94' lang='lat'><strong>...</strong></span> <span class='ocrx_word' id='word_1_230' title='bbox 1155 2993 1185 3026; x_wconf 80' lang='lat' dir='ltr'><strong>as</strong></span> <span class='ocrx_word' id='word_1_231' title='bbox 1200 2992 1275 3040; x_wconf 83' lang='lat' dir='ltr'><strong>aqua,</strong></span> 
     </span>
     <span class='ocr_line' id='line_1_27' title="bbox 151 3041 1277 3110; baseline 0.001 -19"><span class='ocrx_word' id='word_1_232' title='bbox 151 3044 234 3093; x_wconf 88' lang='lat' dir='ltr'><strong>VTd.</strong></span> <span class='ocrx_word' id='word_1_233' title='bbox 261 3058 290 3089; x_wconf 79' lang='lat' dir='ltr'><strong>er</strong></span> <span class='ocrx_word' id='word_1_234' title='bbox 307 3058 363 3105; x_wconf 82' lang='lat' dir='ltr'><strong>qua,</strong></span> <span class='ocrx_word' id='word_1_235' title='bbox 381 3057 403 3091; x_wconf 89' lang='lat' dir='ltr'><strong>a.</strong></span> <span class='ocrx_word' id='word_1_236' title='bbox 427 3083 457 3091; x_wconf 91' lang='lat'><strong>..</strong></span> <span class='ocrx_word' id='word_1_237' title='bbox 485 3042 584 3106; x_wconf 73' lang='lat' dir='ltr'><strong>fferre,</strong></span> <span class='ocrx_word' id='word_1_238' title='bbox 602 3044 706 3094; x_wconf 87' lang='lat' dir='ltr'><strong>VTad.</strong></span> <span class='ocrx_word' id='word_1_239' title='bbox 732 3042 856 3093; x_wconf 80' lang='lat' dir='ltr'><strong>remedium</strong></span> <span class='ocrx_word' id='word_1_240' title='bbox 874 3061 945 3108; x_wconf 84' lang='lat' dir='ltr'><strong>qaam</strong></span> <span class='ocrx_word' id='word_1_241' title='bbox 963 3044 1052 3109; x_wconf 63' lang='lat' dir='ltr'><strong>efficax</strong></span> <span class='ocrx_word' id='word_1_242' title='bbox 1069 3053 1110 3107; x_wconf 84' lang='lat' dir='ltr'><strong>est,</strong></span> <span class='ocrx_word' id='word_1_243' title='bbox 1127 3041 1156 3106; x_wconf 78' lang='grc' dir='ltr'><strong>β.</strong></span> <span class='ocrx_word' id='word_1_244' title='bbox 1175 3046 1277 3110; x_wconf 82' lang='lat' dir='ltr'><strong>saciant</strong></span> 
     </span>
     <span class='ocr_line' id='line_1_28' title="bbox 151 3106 1275 3225; baseline 0.003 -68"><span class='ocrx_word' id='word_1_245' title='bbox 151 3106 275 3225; x_wconf 66' lang='lat' dir='ltr'><strong>addmalta</strong></span> <span class='ocrx_word' id='word_1_246' title='bbox 291 3107 416 3157; x_wconf 84' lang='lat' dir='ltr'><strong>remedium</strong></span> <span class='ocrx_word' id='word_1_247' title='bbox 434 3126 505 3173; x_wconf 82' lang='lat' dir='ltr'><strong>quam</strong></span> <span class='ocrx_word' id='word_1_248' title='bbox 522 3109 622 3174; x_wconf 76' lang='lat' dir='ltr'><strong>efficax,</strong></span> <span class='ocrx_word' id='word_1_249' title='bbox 639 3112 686 3162; x_wconf 87' lang='lat' dir='ltr'><strong>K¹.</strong></span> <span class='ocrx_word' id='word_1_250' title='bbox 706 3111 815 3175; x_wconf 81' lang='lat' dir='ltr'><strong>saciant.</strong></span> <span class='ocrx_word' id='word_1_251' title='bbox 839 3110 952 3176; x_wconf 78' lang='lat' dir='ltr'><strong>Propolir</strong></span> <span class='ocrx_word' id='word_1_252' title='bbox 966 3112 1098 3178; x_wconf 75' lang='lat' dir='ltr'><strong>impatiyiai</strong></span> <span class='ocrx_word' id='word_1_253' title='bbox 1111 3129 1141 3162; x_wconf 78' lang='lat' dir='ltr'><strong>ea</strong></span> <span class='ocrx_word' id='word_1_254' title='bbox 1156 3129 1222 3175; x_wconf 77' lang='lat' dir='ltr'><strong>aqua</strong></span> <span class='ocrx_word' id='word_1_255' title='bbox 1237 3128 1275 3161; x_wconf 87' lang='lat' dir='ltr'><strong>re·</strong></span> 
     </span>
     <span class='ocr_line' id='line_1_29' title="bbox 154 3177 324 3238; baseline 0.006 -14"><span class='ocrx_word' id='word_1_256' title='bbox 154 3193 189 3225; x_wconf 84' lang='lat' dir='ltr'><strong>me</strong></span> <span class='ocrx_word' id='word_1_257' title='bbox 207 3177 324 3238; x_wconf 83' lang='lat' dir='ltr'><strong>ium,K&#39;·¹.</strong></span> 
     </span>
    </p>
   </div>
   <div class='ocr_carea' id='block_1_4' title="bbox 153 3276 1274 3406">
    <p class='ocr_par' dir='ltr' id='par_1_6' title="bbox 153 3276 1274 3406">
     <span class='ocr_line' id='line_1_30' title="bbox 185 3276 1274 3341; baseline -0.001 -14"><span class='ocrx_word' id='word_1_258' title='bbox 185 3276 253 3337; x_wconf 68' lang='lat'><strong>§4⁸-</strong></span> <span class='ocrx_word' id='word_1_259' title='bbox 279 3277 351 3338; x_wconf 78' lang='lat' dir='ltr'><strong>inlito,</strong></span> <span class='ocrx_word' id='word_1_260' title='bbox 365 3279 397 3329; x_wconf 89' lang='lat' dir='ltr'><strong>V.</strong></span> <span class='ocrx_word' id='word_1_261' title='bbox 421 3278 540 3329; x_wconf 84' lang='lat' dir='ltr'><strong>Ceterum</strong></span> <span class='ocrx_word' id='word_1_262' title='bbox 557 3279 879 3339; x_wconf 78' lang='lat' dir='ltr'><strong>v.Dioseor.l‚112.-</strong></span> <span class='ocrx_word' id='word_1_263' title='bbox 910 3277 1019 3341; x_wconf 68' lang='lat' dir='ltr'><strong>Calices,</strong></span> <span class='ocrx_word' id='word_1_264' title='bbox 1034 3281 1068 3329; x_wconf 90' lang='lat' dir='ltr'><strong>V.</strong></span> <span class='ocrx_word' id='word_1_265' title='bbox 1092 3319 1124 3328; x_wconf 84' lang='lat'><em>-</em></span> <span class='ocrx_word' id='word_1_266' title='bbox 1152 3277 1234 3341; x_wconf 78' lang='lat' dir='ltr'><strong>trabit,</strong></span> <span class='ocrx_word' id='word_1_267' title='bbox 1250 3295 1274 3328; x_wconf 84' lang='lat' dir='ltr'><strong>a.</strong></span> 
     </span>
     <span class='ocr_line' id='line_1_31' title="bbox 153 3343 419 3406; baseline 0.004 -13"><span class='ocrx_word' id='word_1_268' title='bbox 153 3343 235 3406; x_wconf 78' lang='lat' dir='ltr'><strong>sardii,</strong></span> <span class='ocrx_word' id='word_1_269' title='bbox 248 3347 281 3394; x_wconf 88' lang='lat' dir='ltr'><strong>V.</strong></span> <span class='ocrx_word' id='word_1_270' title='bbox 301 3344 383 3406; x_wconf 81' lang='lat' dir='ltr'><strong>tradit,</strong></span> <span class='ocrx_word' id='word_1_271' title='bbox 395 3347 419 3395; x_wconf 92' lang='lat' dir='ltr'><strong>d.</strong></span> 
     </span>
    </p>
   </div>
   <div class='ocr_carea' id='block_1_5' title="bbox 39 3441 1276 3849">
    <p class='ocr_par' dir='ltr' id='par_1_7' title="bbox 39 3441 1276 3782">
     <span class='ocr_line' id='line_1_32' title="bbox 186 3441 1274 3512; baseline 0.003 -17"><span class='ocrx_word' id='word_1_272' title='bbox 186 3448 254 3510; x_wconf 66' lang='lat'><strong>§49-</strong></span> <span class='ocrx_word' id='word_1_273' title='bbox 265 3444 385 3510; x_wconf 60' lang='lat' dir='ltr'><strong>solicola,</strong></span> <span class='ocrx_word' id='word_1_274' title='bbox 397 3447 431 3497; x_wconf 89' lang='lat' dir='ltr'><strong>V.</strong></span> <span class='ocrx_word' id='word_1_275' title='bbox 451 3488 481 3497; x_wconf 81' lang='lat'><strong>..</strong></span> <span class='ocrx_word' id='word_1_276' title='bbox 500 3445 569 3494; x_wconf 85' lang='lat' dir='ltr'><strong>laius</strong></span> <span class='ocrx_word' id='word_1_277' title='bbox 579 3445 683 3506; x_wconf 79' lang='lat' dir='ltr'><strong>arboris,</strong></span> <span class='ocrx_word' id='word_1_278' title='bbox 696 3448 719 3495; x_wconf 90' lang='lat' dir='ltr'><strong>d.</strong></span> <span class='ocrx_word' id='word_1_279' title='bbox 739 3485 770 3495; x_wconf 90' lang='lat'><strong>..</strong></span> <span class='ocrx_word' id='word_1_280' title='bbox 785 3447 864 3510; x_wconf 87' lang='lat' dir='ltr'><strong>primo</strong></span> <span class='ocrx_word' id='word_1_281' title='bbox 876 3446 931 3509; x_wconf 79' lang='lat' dir='ltr'><strong>cirri,</strong></span> <span class='ocrx_word' id='word_1_282' title='bbox 947 3441 1026 3500; x_wconf 62' lang='grc' dir='ltr'><strong>θνα.</strong></span> <span class='ocrx_word' id='word_1_283' title='bbox 1041 3446 1229 3512; x_wconf 66' lang='lat' dir='ltr'><strong>parisinae.</strong></span> <span class='ocrx_word' id='word_1_284' title='bbox 1243 3487 1274 3497; x_wconf 87' lang='grc'><strong>.-</strong></span> 
     </span>
     <span class='ocr_line' id='line_1_33' title="bbox 152 3507 1275 3581; baseline 0.004 -21"><span class='ocrx_word' id='word_1_285' title='bbox 152 3511 247 3574; x_wconf 83' lang='lat' dir='ltr'><strong>decocti,</strong></span> <span class='ocrx_word' id='word_1_286' title='bbox 260 3529 283 3563; x_wconf 89' lang='lat' dir='ltr'><strong>a.</strong></span> <span class='ocrx_word' id='word_1_287' title='bbox 302 3513 403 3575; x_wconf 81' lang='lat' dir='ltr'><strong>decocto,</strong></span> <span class='ocrx_word' id='word_1_288' title='bbox 417 3507 499 3563; x_wconf 72' lang='lat' dir='ltr'><strong>OVd.</strong></span> <span class='ocrx_word' id='word_1_289' title='bbox 514 3553 540 3562; x_wconf 80' lang='lat'>-</span> <span class='ocrx_word' id='word_1_290' title='bbox 561 3521 640 3576; x_wconf 78' lang='lat' dir='ltr'><strong>sanat,</strong></span> <span class='ocrx_word' id='word_1_291' title='bbox 653 3514 687 3563; x_wconf 91' lang='lat' dir='ltr'><strong>V.</strong></span> <span class='ocrx_word' id='word_1_292' title='bbox 701 3553 732 3563; x_wconf 94' lang='lat'><strong>...</strong></span> <span class='ocrx_word' id='word_1_293' title='bbox 749 3513 899 3577; x_wconf 76' lang='lat' dir='ltr'><strong>pasfiatulis,</strong></span> <span class='ocrx_word' id='word_1_294' title='bbox 911 3517 944 3567; x_wconf 88' lang='lat' dir='ltr'><strong>K.</strong></span> <span class='ocrx_word' id='word_1_295' title='bbox 956 3557 988 3567; x_wconf 85' lang='lat'>-</span> <span class='ocrx_word' id='word_1_296' title='bbox 1004 3523 1143 3581; x_wconf 77' lang='lat' dir='ltr'><strong>praestante</strong></span> <span class='ocrx_word' id='word_1_297' title='bbox 1154 3513 1232 3575; x_wconf 83' lang='lat' dir='ltr'><strong>italia,</strong></span> <span class='ocrx_word' id='word_1_298' title='bbox 1241 3515 1275 3564; x_wconf 90' lang='lat' dir='ltr'><strong>V.</strong></span> 
     </span>
     <span class='ocr_line' id='line_1_34' title="bbox 152 3578 1274 3646; baseline 0.003 -16"><span class='ocrx_word' id='word_1_299' title='bbox 152 3621 184 3630; x_wconf 71' lang='grc'><strong>-</strong></span> <span class='ocrx_word' id='word_1_300' title='bbox 203 3589 226 3628; x_wconf 84' lang='lat' dir='ltr'><strong>et</strong></span> <span class='ocrx_word' id='word_1_301' title='bbox 238 3580 439 3646; x_wconf 67' lang='lat' dir='ltr'><strong>tiliae-patant,</strong></span> <span class='ocrx_word' id='word_1_302' title='bbox 451 3596 501 3631; x_wconf 92' lang='lat' dir='ltr'><strong>om.</strong></span> <span class='ocrx_word' id='word_1_303' title='bbox 515 3598 538 3631; x_wconf 89' lang='lat' dir='ltr'><strong>a.</strong></span> <span class='ocrx_word' id='word_1_304' title='bbox 552 3622 583 3631; x_wconf 91' lang='lat'><strong>..</strong></span> <span class='ocrx_word' id='word_1_305' title='bbox 602 3580 703 3643; x_wconf 81' lang='lat' dir='ltr'><strong>corticis,</strong></span> <span class='ocrx_word' id='word_1_306' title='bbox 715 3582 818 3633; x_wconf 76' lang='lat' dir='ltr'><strong>Barbas.</strong></span> <span class='ocrx_word' id='word_1_307' title='bbox 830 3578 888 3632; x_wconf 85' lang='grc' dir='ltr'><strong>θΚ.</strong></span> <span class='ocrx_word' id='word_1_308' title='bbox 908 3584 1011 3643; x_wconf 66' lang='lat' dir='ltr'><strong>cortices,</strong></span> <span class='ocrx_word' id='word_1_309' title='bbox 1024 3579 1074 3646; x_wconf 80' lang='grc' dir='ltr'><strong>ᾱβ.</strong></span> <span class='ocrx_word' id='word_1_310' title='bbox 1091 3582 1184 3642; x_wconf 82' lang='lat' dir='ltr'><strong>cortice,</strong></span> <span class='ocrx_word' id='word_1_311' title='bbox 1196 3584 1229 3632; x_wconf 88' lang='lat' dir='ltr'><strong>V.</strong></span> <span class='ocrx_word' id='word_1_312' title='bbox 1244 3622 1274 3633; x_wconf 92' lang='lat'><strong>..</strong></span> 
     </span>
     <span class='ocr_line' id='line_1_35' title="bbox 153 3642 1276 3714; baseline 0.005 -19"><span class='ocrx_word' id='word_1_313' title='bbox 153 3646 293 3711; x_wconf 71' lang='lat' dir='ltr'><strong>odaspasa</strong></span> <span class='ocrx_word' id='word_1_314' title='bbox 310 3650 394 3700; x_wconf 84' lang='lat' dir='ltr'><strong>VTd.</strong></span> <span class='ocrx_word' id='word_1_315' title='bbox 421 3647 578 3713; x_wconf 76' lang='lat' dir='ltr'><strong>adaspersar,</strong></span> <span class='ocrx_word' id='word_1_316' title='bbox 599 3642 626 3698; x_wconf 82' lang='grc' dir='ltr'><strong>θ.</strong></span> <span class='ocrx_word' id='word_1_317' title='bbox 654 3664 765 3714; x_wconf 83' lang='lat' dir='ltr'><strong>aspersa,</strong></span> <span class='ocrx_word' id='word_1_318' title='bbox 782 3645 854 3714; x_wconf 67' lang='lat' dir='ltr'><strong>spir.</strong></span> <span class='ocrx_word' id='word_1_319' title='bbox 881 3652 988 3703; x_wconf 83' lang='lat' dir='ltr'><strong>Factum</strong></span> <span class='ocrx_word' id='word_1_320' title='bbox 1005 3661 1045 3704; x_wconf 89' lang='lat' dir='ltr'><strong>est</strong></span> <span class='ocrx_word' id='word_1_321' title='bbox 1060 3652 1123 3701; x_wconf 88' lang='lat' dir='ltr'><strong>illud</strong></span> <span class='ocrx_word' id='word_1_322' title='bbox 1139 3652 1276 3701; x_wconf 84' lang='lat' dir='ltr'><strong>verbuma</strong></span> 
     </span>
     <span class='ocr_line' id='line_1_36' title="bbox 39 3714 1275 3782; baseline 0.004 -19"><span class='ocrx_word' id='word_1_323' title='bbox 39 3750 42 3755; x_wconf 85' lang='lat'><em>-</em></span> <span class='ocrx_word' id='word_1_324' title='bbox 153 3714 241 3764; x_wconf 88' lang='lat' dir='ltr'><strong>Plinio</strong></span> <span class='ocrx_word' id='word_1_325' title='bbox 253 3719 284 3766; x_wconf 88' lang='lat' dir='ltr'><strong>ad</strong></span> <span class='ocrx_word' id='word_1_326' title='bbox 297 3733 320 3766; x_wconf 88' lang='lat' dir='ltr'><strong>v.</strong></span> <span class='ocrx_word' id='word_1_327' title='bbox 332 3715 438 3782; x_wconf 76' lang='lat' dir='ltr'><strong>adallipo</strong></span> <span class='ocrx_word' id='word_1_328' title='bbox 451 3719 603 3781; x_wconf 79' lang='lat' dir='ltr'><strong>analogiam,</strong></span> <span class='ocrx_word' id='word_1_329' title='bbox 621 3720 689 3782; x_wconf 90' lang='lat' dir='ltr'><strong>qnod</strong></span> <span class='ocrx_word' id='word_1_330' title='bbox 718 3727 800 3768; x_wconf 86' lang='lat' dir='ltr'><strong>raeter</strong></span> <span class='ocrx_word' id='word_1_331' title='bbox 812 3728 907 3770; x_wconf 83' lang='lat' dir='ltr'><strong>eeteros</strong></span> <span class='ocrx_word' id='word_1_332' title='bbox 919 3730 995 3770; x_wconf 74' lang='lat' dir='ltr'><strong>amat.</strong></span> <span class='ocrx_word' id='word_1_333' title='bbox 1016 3760 1042 3770; x_wconf 82' lang='grc'><strong>-</strong></span> <span class='ocrx_word' id='word_1_334' title='bbox 1065 3726 1097 3780; x_wconf 78' lang='lat' dir='ltr'><strong>ul,</strong></span> <span class='ocrx_word' id='word_1_335' title='bbox 1109 3719 1142 3769; x_wconf 91' lang='lat' dir='ltr'><strong>V.</strong></span> <span class='ocrx_word' id='word_1_336' title='bbox 1160 3759 1192 3769; x_wconf 91' lang='grc'><strong>..</strong></span> <span class='ocrx_word' id='word_1_337' title='bbox 1211 3718 1275 3768; x_wconf 75' lang='lat' dir='ltr'><strong>dirri-</strong></span> 
     </span>
    </p>

    <p class='ocr_par' dir='ltr' id='par_1_8' title="bbox 154 3734 805 3849">
     <span class='ocr_line' id='line_1_37' title="bbox 154 3734 805 3849; baseline 0.011 -19"><span class='ocrx_word' id='word_1_338' title='bbox 154 3789 257 3845; x_wconf 70' lang='lat' dir='ltr'><strong>masio,</strong></span> <span class='ocrx_word' id='word_1_339' title='bbox 273 3791 327 3834; x_wconf 86' lang='grc'>191.</span> <span class='ocrx_word' id='word_1_340' title='bbox 348 3825 378 3834; x_wconf 80' lang='grc'><strong>-</strong></span> <span class='ocrx_word' id='word_1_341' title='bbox 397 3783 505 3849; x_wconf 82' lang='lat' dir='ltr'><strong>capillos,</strong></span> <span class='ocrx_word' id='word_1_342' title='bbox 516 3785 604 3836; x_wconf 90' lang='lat' dir='ltr'><strong>Dalee.</strong></span> <span class='ocrx_word' id='word_1_343' title='bbox 623 3827 653 3836; x_wconf 72' lang='grc'><em>,</em></span> <span class='ocrx_word' id='word_1_344' title='bbox 673 3734 759 3845; x_wconf 72' lang='lat' dir='ltr'><strong>inlitos,</strong></span> <span class='ocrx_word' id='word_1_345' title='bbox 771 3789 805 3837; x_wconf 90' lang='lat' dir='ltr'><strong>V.</strong></span> 
     </span>
    </p>
   </div>
   <div class='ocr_carea' id='block_1_6' title="bbox 154 3881 1276 4358">
    <p class='ocr_par' dir='ltr' id='par_1_9' title="bbox 154 3881 1276 4358">
     <span class='ocr_line' id='line_1_38' title="bbox 188 3881 1274 3951; baseline 0.006 -18"><span class='ocrx_word' id='word_1_346' title='bbox 188 3886 256 3948; x_wconf 68' lang='grc'><strong>550.</strong></span> <span class='ocrx_word' id='word_1_347' title='bbox 282 3884 409 3948; x_wconf 67' lang='lat' dir='ltr'><strong>Auaritia,</strong></span> <span class='ocrx_word' id='word_1_348' title='bbox 423 3888 455 3936; x_wconf 92' lang='lat' dir='ltr'><strong>V.</strong></span> <span class='ocrx_word' id='word_1_349' title='bbox 480 3886 598 3937; x_wconf 86' lang='lat' dir='ltr'><strong>Ceterum</strong></span> <span class='ocrx_word' id='word_1_350' title='bbox 615 3887 882 3948; x_wconf 78' lang='lat' dir='ltr'><strong>r.1)ioseor.1,1ao.</strong></span> <span class='ocrx_word' id='word_1_351' title='bbox 905 3928 936 3936; x_wconf 75' lang='grc'><strong>-</strong></span> <span class='ocrx_word' id='word_1_352' title='bbox 964 3887 1045 3948; x_wconf 75' lang='lat' dir='ltr'><strong>brias,</strong></span> <span class='ocrx_word' id='word_1_353' title='bbox 1062 3881 1120 3938; x_wconf 75' lang='lat' dir='ltr'><strong>OV.</strong></span> <span class='ocrx_word' id='word_1_354' title='bbox 1148 3885 1237 3951; x_wconf 85' lang='lat' dir='ltr'><strong>leniter,</strong></span> <span class='ocrx_word' id='word_1_355' title='bbox 1250 3891 1274 3940; x_wconf 88' lang='lat' dir='ltr'><strong>d.</strong></span> 
     </span>
     <span class='ocr_line' id='line_1_39' title="bbox 155 3948 1275 4018; baseline 0.009 -20"><span class='ocrx_word' id='word_1_356' title='bbox 155 3948 238 3999; x_wconf 80' lang='lat' dir='ltr'><strong>leniter</strong></span> <span class='ocrx_word' id='word_1_357' title='bbox 254 3959 315 4015; x_wconf 75' lang='lat' dir='ltr'><strong>msa,</strong></span> <span class='ocrx_word' id='word_1_358' title='bbox 332 3950 401 4017; x_wconf 70' lang='lat' dir='ltr'><strong>aflr.</strong></span> <span class='ocrx_word' id='word_1_359' title='bbox 422 3995 452 4004; x_wconf 87' lang='lat'><strong>..</strong></span> <span class='ocrx_word' id='word_1_360' title='bbox 475 3962 554 4017; x_wconf 81' lang='lat' dir='ltr'><strong>atque,</strong></span> <span class='ocrx_word' id='word_1_361' title='bbox 566 3953 641 4004; x_wconf 89' lang='lat' dir='ltr'><strong>Vad.</strong></span> <span class='ocrx_word' id='word_1_362' title='bbox 668 3953 703 4002; x_wconf 85' lang='lat' dir='ltr'><strong>ad</strong></span> <span class='ocrx_word' id='word_1_363' title='bbox 718 3970 787 4017; x_wconf 84' lang='lat' dir='ltr'><strong>qaae,</strong></span> <span class='ocrx_word' id='word_1_364' title='bbox 799 3956 832 4005; x_wconf 86' lang='lat' dir='ltr'><strong>K.</strong></span> <span class='ocrx_word' id='word_1_365' title='bbox 851 3995 882 4004; x_wconf 85' lang='lat'><strong>..</strong></span> <span class='ocrx_word' id='word_1_366' title='bbox 906 3953 941 4003; x_wconf 86' lang='lat' dir='ltr'><strong>ad</strong></span> <span class='ocrx_word' id='word_1_367' title='bbox 951 3955 1085 4018; x_wconf 77' lang='lat' dir='ltr'><strong>infantiam,</strong></span> <span class='ocrx_word' id='word_1_368' title='bbox 1100 3956 1137 4008; x_wconf 86' lang='lat' dir='ltr'><strong>ita</strong></span> <span class='ocrx_word' id='word_1_369' title='bbox 1152 3972 1198 4008; x_wconf 87' lang='lat' dir='ltr'><strong>nos</strong></span> <span class='ocrx_word' id='word_1_370' title='bbox 1216 3959 1275 4008; x_wconf 88' lang='lat' dir='ltr'><strong>seri·</strong></span> 
     </span>
     <span class='ocr_line' id='line_1_40' title="bbox 154 4016 1275 4090; baseline 0.004 -22"><span class='ocrx_word' id='word_1_371' title='bbox 154 4020 259 4081; x_wconf 79' lang='lat' dir='ltr'><strong>primus.</strong></span> <span class='ocrx_word' id='word_1_372' title='bbox 286 4029 309 4068; x_wconf 79' lang='lat' dir='ltr'><strong>at</strong></span> <span class='ocrx_word' id='word_1_373' title='bbox 324 4020 359 4070; x_wconf 87' lang='lat' dir='ltr'><strong>ad</strong></span> <span class='ocrx_word' id='word_1_374' title='bbox 373 4021 505 4084; x_wconf 83' lang='lat' dir='ltr'><strong>insontium,</strong></span> <span class='ocrx_word' id='word_1_375' title='bbox 518 4016 640 4084; x_wconf 68' lang='lat' dir='ltr'><strong>Vadssr.</strong></span> <span class='ocrx_word' id='word_1_376' title='bbox 664 4021 764 4086; x_wconf 87' lang='lat' dir='ltr'><strong>Copula</strong></span> <span class='ocrx_word' id='word_1_377' title='bbox 781 4038 796 4072; x_wconf 92' lang='lat' dir='ltr'><strong>a</strong></span> <span class='ocrx_word' id='word_1_378' title='bbox 812 4023 921 4073; x_wconf 88' lang='lat' dir='ltr'><strong>librariis</strong></span> <span class='ocrx_word' id='word_1_379' title='bbox 937 4031 1031 4074; x_wconf 88' lang='lat' dir='ltr'><strong>temere</strong></span> <span class='ocrx_word' id='word_1_380' title='bbox 1044 4025 1138 4075; x_wconf 80' lang='lat' dir='ltr'><strong>inserta</strong></span> <span class='ocrx_word' id='word_1_381' title='bbox 1154 4040 1199 4090; x_wconf 89' lang='lat' dir='ltr'><strong>per</strong></span> <span class='ocrx_word' id='word_1_382' title='bbox 1215 4026 1275 4074; x_wconf 84' lang='lat' dir='ltr'><strong>rioi-</strong></span> 
     </span>
     <span class='ocr_line' id='line_1_41' title="bbox 154 4088 1275 4154; baseline 0.006 -20"><span class='ocrx_word' id='word_1_383' title='bbox 154 4088 258 4136; x_wconf 86' lang='lat' dir='ltr'><strong>nitatem</strong></span> <span class='ocrx_word' id='word_1_384' title='bbox 280 4090 392 4138; x_wconf 87' lang='lat' dir='ltr'><strong>eiusdem</strong></span> <span class='ocrx_word' id='word_1_385' title='bbox 412 4090 519 4153; x_wconf 88' lang='lat' dir='ltr'><strong>copulas</strong></span> <span class='ocrx_word' id='word_1_386' title='bbox 539 4089 577 4138; x_wconf 89' lang='lat' dir='ltr'><strong>bis</strong></span> <span class='ocrx_word' id='word_1_387' title='bbox 598 4090 682 4138; x_wconf 85' lang='lat' dir='ltr'><strong>statim</strong></span> <span class='ocrx_word' id='word_1_388' title='bbox 703 4091 859 4139; x_wconf 87' lang='lat' dir='ltr'><strong>recurrentia</strong></span> <span class='ocrx_word' id='word_1_389' title='bbox 887 4131 917 4138; x_wconf 84' lang='grc'>-</span> <span class='ocrx_word' id='word_1_390' title='bbox 948 4098 970 4139; x_wconf 83' lang='lat' dir='ltr'><strong>et</strong></span> <span class='ocrx_word' id='word_1_391' title='bbox 990 4091 1014 4140; x_wconf 80' lang='lat' dir='ltr'><strong>irs</strong></span> <span class='ocrx_word' id='word_1_392' title='bbox 1030 4108 1082 4154; x_wconf 85' lang='lat' dir='ltr'><strong>ore,</strong></span> <span class='ocrx_word' id='word_1_393' title='bbox 1100 4094 1156 4143; x_wconf 91' lang='lat' dir='ltr'><strong>Vd.</strong></span> <span class='ocrx_word' id='word_1_394' title='bbox 1185 4094 1210 4142; x_wconf 80' lang='lat' dir='ltr'><strong>ia</strong></span> <span class='ocrx_word' id='word_1_395' title='bbox 1227 4108 1275 4153; x_wconf 84' lang='lat' dir='ltr'><strong>ors,</strong></span> 
     </span>
     <span class='ocr_line' id='line_1_42' title="bbox 154 4149 1274 4223; baseline 0.005 -21"><span class='ocrx_word' id='word_1_396' title='bbox 154 4149 225 4218; x_wconf 71' lang='grc' dir='ltr'><strong>αβγ.</strong></span> <span class='ocrx_word' id='word_1_397' title='bbox 250 4196 281 4204; x_wconf 78' lang='grc'><strong>-</strong></span> <span class='ocrx_word' id='word_1_398' title='bbox 308 4164 331 4203; x_wconf 85' lang='lat' dir='ltr'><strong>et</strong></span> <span class='ocrx_word' id='word_1_399' title='bbox 347 4154 563 4205; x_wconf 72' lang='lat' dir='ltr'><strong>conmanducatam</strong></span> <span class='ocrx_word' id='word_1_400' title='bbox 580 4163 603 4203; x_wconf 81' lang='lat' dir='ltr'><strong>et</strong></span> <span class='ocrx_word' id='word_1_401' title='bbox 619 4154 750 4216; x_wconf 82' lang='lat' dir='ltr'><strong>decoctam,</strong></span> <span class='ocrx_word' id='word_1_402' title='bbox 767 4157 842 4207; x_wconf 86' lang='lat' dir='ltr'><strong>Vad.</strong></span> <span class='ocrx_word' id='word_1_403' title='bbox 868 4157 1075 4222; x_wconf 74' lang='lat' dir='ltr'><strong>commanducala5</strong></span> <span class='ocrx_word' id='word_1_404' title='bbox 1099 4159 1205 4222; x_wconf 82' lang='lat' dir='ltr'><strong>decocta,</strong></span> <span class='ocrx_word' id='word_1_405' title='bbox 1222 4155 1274 4223; x_wconf 77' lang='grc' dir='ltr'><strong>βγ.</strong></span> 
     </span>
     <span class='ocr_line' id='line_1_43' title="bbox 156 4221 1276 4291; baseline 0.004 -20"><span class='ocrx_word' id='word_1_406' title='bbox 156 4221 257 4285; x_wconf 84' lang='lat' dir='ltr'><strong>Copula</strong></span> <span class='ocrx_word' id='word_1_407' title='bbox 272 4224 349 4287; x_wconf 90' lang='lat' dir='ltr'><strong>priori</strong></span> <span class='ocrx_word' id='word_1_408' title='bbox 367 4225 425 4274; x_wconf 90' lang='lat' dir='ltr'><strong>lceo</strong></span> <span class='ocrx_word' id='word_1_409' title='bbox 440 4224 524 4287; x_wconf 86' lang='lat' dir='ltr'><strong>posita</strong></span> <span class='ocrx_word' id='word_1_410' title='bbox 539 4224 630 4273; x_wconf 88' lang='lat' dir='ltr'><strong>iterum</strong></span> <span class='ocrx_word' id='word_1_411' title='bbox 647 4223 753 4274; x_wconf 83' lang='lat' dir='ltr'><strong>librarlis</strong></span> <span class='ocrx_word' id='word_1_412' title='bbox 769 4224 886 4287; x_wconf 84' lang='lat' dir='ltr'><strong>debatur,</strong></span> <span class='ocrx_word' id='word_1_413' title='bbox 905 4227 949 4290; x_wconf 86' lang='lat' dir='ltr'><strong>qui</strong></span> <span class='ocrx_word' id='word_1_414' title='bbox 960 4227 986 4278; x_wconf 91' lang='lat' dir='ltr'><strong>h.</strong></span> <span class='ocrx_word' id='word_1_415' title='bbox 998 4229 1015 4279; x_wconf 91' lang='lat' dir='ltr'><strong>l.</strong></span> <span class='ocrx_word' id='word_1_416' title='bbox 1028 4230 1054 4280; x_wconf 89' lang='lat' dir='ltr'><strong>in</strong></span> <span class='ocrx_word' id='word_1_417' title='bbox 1066 4231 1116 4279; x_wconf 87' lang='lat' dir='ltr'><strong>hac</strong></span> <span class='ocrx_word' id='word_1_418' title='bbox 1128 4229 1218 4280; x_wconf 85' lang='lat' dir='ltr'><strong>vocula</strong></span> <span class='ocrx_word' id='word_1_419' title='bbox 1229 4241 1276 4291; x_wconf 84' lang='lat' dir='ltr'><strong>po-</strong></span> 
     </span>
     <span class='ocr_line' id='line_1_44' title="bbox 155 4290 789 4358; baseline 0.008 -21"><span class='ocrx_word' id='word_1_420' title='bbox 155 4291 238 4340; x_wconf 85' lang='lat' dir='ltr'><strong>nenda</strong></span> <span class='ocrx_word' id='word_1_421' title='bbox 250 4290 395 4342; x_wconf 81' lang='lat' dir='ltr'><strong>satisfacere</strong></span> <span class='ocrx_word' id='word_1_422' title='bbox 407 4292 454 4342; x_wconf 89' lang='lat' dir='ltr'><strong>sibi</strong></span> <span class='ocrx_word' id='word_1_423' title='bbox 465 4305 570 4358; x_wconf 87' lang='lat' dir='ltr'><strong>prorsus</strong></span> <span class='ocrx_word' id='word_1_424' title='bbox 580 4307 633 4341; x_wconf 92' lang='lat' dir='ltr'><strong>non</strong></span> <span class='ocrx_word' id='word_1_425' title='bbox 645 4299 789 4356; x_wconf 79' lang='lat' dir='ltr'><strong>potnerunt</strong></span> 
     </span>
    </p>
   </div>
   <div class='ocr_carea' id='block_1_7' title="bbox 0 0 1476 4800">
    <p class='ocr_par' dir='ltr' id='par_1_10' title="bbox 0 0 1476 4800">
     <span class='ocr_line' id='line_1_45' title="bbox 0 0 1476 4800; baseline 0 0"><span class='ocrx_word' id='word_1_426' title='bbox 0 0 1476 4800; x_wconf 95' lang='lat' dir='ltr'><strong> </strong></span> 
     </span>
    </p>
   </div>
  </div>
 </body>
</html>
