2918 4800
393 307 463 352 am.
480 305 564 353 xxv.
577 304 672 392 ocae.
688 307 736 353 vt.
753 307 814 354 vu.
843 304 940 354 suos.
956 307 1039 352 aa-sa
1216 290 1276 354 tat

198 457 251 523 3⁶.
274 455 402 522 Invenit
422 468 453 522 et
476 456 691 543 Lysimachus
712 479 794 541 quae
816 457 857 522 ab
879 477 917 522 eo
939 478 1054 523 nomen
1077 457 1202 535 retinet,
1224 478 1277 522 ce·
1293 471 1323 518 ta

156 557 282 624 lebrata
303 557 510 624 Erasistrato.
547 558 640 625 Folia
668 556 766 623 habet
789 557 894 623 salicis
915 556 1041 635 viridia,
1068 556 1178 624 florem
1198 579 1278 644 pur·

155 681 309 747 pureum,
336 659 506 739 fruticosa,
534 660 667 727 ramulis
690 660 821 738 erectis,
850 658 949 725 odore
970 659 1052 735 acri;
1079 659 1224 747 gignitur
1245 659 1279 724 in

156 763 295 846 aquosis.
332 760 393 828 Vis
416 760 486 827 eius
507 771 597 825 tanta
619 770 670 826 est
690 771 727 825 ut
747 758 900 825 iumentis
922 758 1181 826 discordantibus
1201 759 1279 848 iugo

156 864 294 950 inposita
316 863 521 948 asperitatem
542 862 698 928 cohibeat.

198 967 250 1030 36.
278 962 433 1029 Mulieres
455 984 582 1048 quoque
603 963 687 1028 hano
708 961 842 1048 gloriam
863 960 1077 1039 adfectavere,
1104 962 1138 1026 in
1162 961 1279 1045 quibus
1294 976 1325 1023 73

156 1065 333 1130 Artemisia
354 1086 436 1130 uxor
449 1064 589 1131 Mausoli
612 1064 765 1149 adoptata
784 1062 884 1128 herba
906 1083 988 1146 quae
1008 1073 1102 1127 antea
1117 1063 1280 1148 parthenis

157 1165 344 1245 vocabatur3
368 1178 443 1232 sunt
464 1167 520 1250 qui
542 1166 583 1232 ab
605 1165 772 1231 Artemide
793 1163 926 1249 Ilithyia
947 1165 1203 1250 cognominatam
1218 1186 1279 1250 pu-

72 1313 75 1319 ·
157 1278 235 1346 tent,
257 1268 407 1352 quoniam
428 1266 577 1354 privatim
598 1267 763 1332 medeatur
775 1266 964 1331 feminarum
978 1266 1087 1341 malis3
1109 1276 1160 1331 est
1174 1277 1281 1330 autern

156 1368 297 1456 apsinthi
318 1368 412 1434 modo
427 1368 589 1447 fruticosa,
612 1367 785 1433 maioribus
800 1367 884 1432 foliis
898 1366 1148 1455 pinguibusque.
1171 1366 1281 1451 Ipsius
1295 1380 1326 1427 74

157 1471 221 1537 duo
243 1492 378 1557 genera:
405 1469 499 1535 altior
519 1468 687 1535 latioribus
709 1468 805 1546 foliis,
832 1469 930 1533 altera
951 1479 1062 1534 tenera
1082 1469 1281 1535 tenuioribus

82 1575 85 1578 ’
157 1583 189 1638 et
209 1594 274 1636 non
296 1571 358 1637 nisi
379 1569 413 1635 in
430 1570 603 1635 maritimis
624 1592 772 1636 nascens.
801 1567 886 1634 Sunt
908 1569 1018 1655 quiin
1040 1570 1281 1636 mediterraneis

157 1672 269 1738 eodem
290 1673 417 1738 nomine
439 1671 609 1758 appellent,
632 1671 768 1758 simplici
790 1673 891 1749 caule,
914 1671 1064 1736 minumis
1078 1671 1172 1750 foliis,
1194 1672 1281 1738 floris

158 1774 295 1861 eopiosi‚
327 1773 526 1860 erumpentis
554 1795 627 1839 eum
653 1795 717 1839 uva
745 1772 948 1851 maturescit,
981 1773 1079 1838 odore
1106 1795 1169 1837 non
1195 1772 1281 1838 iniu-

158 1875 272 1954 cunda,
294 1896 391 1959 quam
412 1874 543 1958 quidam
563 1873 689 1960 botryn‚
711 1873 766 1938 alii
787 1874 981 1939 ambrosiam
996 1884 1129 1950 vocant3
1152 1873 1225 1938 talis
1245 1873 1279 1937 in

158 1973 366 2062 Cappadocia
387 1974 540 2042 nascitur.

199 2079 252 2142 37.
273 2076 466 2163 Nymphaea
486 2088 561 2141 nata
582 2077 719 2142 traditur
739 2075 892 2163 Nympha
913 2076 1073 2162 zelotypia
1094 2097 1173 2163 erga
1193 2075 1280 2140 Her·
1297 2091 1328 2137 rs

159 2179 261 2245 aulem
282 2190 417 2259 mortua,
439 2201 538 2264 quare
559 2177 727 2245 heracleon
749 2188 866 2244 vocant
887 2178 996 2262 aliqui,
1018 2179 1072 2244 alii
1086 2177 1240 2264 rhopalon
1262 2201 1282 2243 a

157 2281 267 2345 radice
301 2281 410 2347 clavae
444 2280 554 2358 simili,
590 2328 684 2346 .....
711 2279 850 2364 ideoque
877 2301 933 2345 eos
959 2277 1015 2363 qui
1043 2279 1185 2345 biberint
1211 2301 1281 2344 eam

159 2380 328 2448 duodecim
351 2381 464 2448 diebus
486 2382 571 2449 coitu
592 2382 807 2470 genituraque
828 2380 961 2468 privari.
984 2381 1226 2447 Laudatissima
1247 2381 1281 2446 in

162 2482 378 2551 Orchomenia
400 2495 431 2549 et
452 2484 660 2563 Marathone3
688 2483 806 2548 Boeoti
831 2484 950 2549 madon
977 2496 1092 2550 vocant
1119 2494 1150 2549 et
1173 2506 1281 2550 semen

160 2586 269 2651 edunt.
298 2585 449 2651 Nascitur
470 2584 504 2651 in
526 2586 666 2671 aquosis,
688 2585 773 2651 foliis
795 2586 922 2674 magnis
943 2596 976 2650 et
997 2586 1031 2650 in
1053 2607 1177 2651 summa
1198 2605 1283 2670 aqua
1297 2598 1329 2647 ts

160 2806 254 2863 Artemi
265 2807 319 2870 deu,
331 2810 397 2860 Pint.
412 2852 443 2860 ..
461 2808 571 2876 Ilithyia,
584 2827 600 2860 a
611 2807 698 2873 (codd.
712 2807 782 2873 Gal.)
800 2806 877 2871 litida,
888 2810 970 2860 VRd
985 2850 1016 2860 ..
1032 2817 1121 2874 putent,
1133 2810 1182 2860 Vd
1194 2807 1283 2874 (codd.

160 2874 230 2938 Gal.)
251 2873 458 2942 putantssassy.
478 2921 509 2928 -
532 2887 574 2940 est,
591 2894 641 2929 om.
655 2893 678 2928 a.
698 2920 728 2927 ..
751 2876 850 2939 αὺοοιιί,
866 2879 898 2928 Β.
918 2919 949 2927 -
964 2876 1108 2939 fructicosa,
1124 2877 1156 2928 R.
1176 2919 1206 2927 -
1228 2877 1282 2942 pia-

159 2943 334 3009 quioribusque,
346 2947 414 2996 Pina

195 3027 263 3088 §ta
281 3028 361 3090 altior,
377 3022 534 3080 evasas.
553 3028 639 3091 altera,
651 3025 701 3095 βγ.
723 3070 751 3078 -
771 3027 930 3091 tenerioribus,
942 3031 1067 3097 VRadr.
1087 3073 1118 3081 ..
1137 3038 1160 3079 et
1171 3046 1283 3079 manum·

160 3112 231 3158 quam
248 3096 275 3144 io
291 3096 417 3146 maritimis
436 3114 546 3158 nascens,
566 3099 675 3148 Pintian.
702 3113 735 3146 ex
752 3098 916 3158 Dioscorida,
937 3099 980 3162 qui
1000 3108 1130 3163 praeterea
1147 3114 1186 3147 vv.
1202 3096 1284 3162 Ipsius

160 3162 243 3213 duo..
253 3164 394 3214 maumrt'bus
405 3174 464 3230 post
474 3182 498 3214 v.
510 3181 608 3214 uaseem
620 3166 739 3215 collocat.
753 3205 783 3213 ..
797 3164 969 3227 moditerrania,
982 3168 1044 3217 VR„
1057 3208 1088 3216 -
1101 3163 1226 3229 appellent,
1238 3167 1282 3214 ad.

160 3230 291 3295 appellant,
303 3234 382 3283 VRr.
401 3275 432 3283 -
451 3239 601 3296 erumpentes,
613 3234 669 3283 Vd.
687 3273 717 3281 -
737 3247 816 3292 uvam,
828 3234 862 3283 V.
878 3273 909 3282 -
928 3232 1036 3293 iucundo,
1048 3249 1071 3282 a.
1084 3274 1115 3282 ..
1134 3248 1213 3294 quam,
1226 3232 1282 3283 Vd.

160 3314 235 3361 quem,
252 3292 330 3350 otta.
350 3341 380 3349 -
409 3302 499 3364 botrye,
515 3316 530 3349 a
547 3298 586 3361 (et
600 3301 648 3350 Va
665 3302 691 3348 in
707 3300 789 3349 indice
805 3301 863 3349 libri
874 3299 971 3364 primi).
998 3301 1103 3365 botryou,
1119 3292 1231 3350 OVRd.
1250 3340 1281 3349 ..

161 3365 224 3426 talia,
237 3367 287 3417 Ra.
305 3365 361 3430 alis,
375 3369 408 3418 V.
420 3368 509 3419 Omitt.
522 3368 575 3417 Td.
766 3393 769 3397 ⁴

194 3449 209 3511 §
223 3455 262 3502 75.
286 3451 409 3518 Nympha,
421 3451 504 3502 vsa.
531 3467 548 3499 a
558 3450 681 3516 Nympha,
694 3453 717 3500 d.
740 3451 854 3515 Sampsit
870 3453 934 3504 haec
950 3452 1016 3503 Plin.
1034 3465 1067 3502 ex
1078 3452 1209 3517 Theophr.
1223 3453 1281 3503 hist.

159 3519 239 3582 plant.
252 3521 299 3570 IX.
314 3527 353 3580 la,
369 3527 391 3570 1.
404 3521 463 3569 coll.
476 3520 591 3569 Dioscor.
604 3525 627 3579 8,
643 3524 698 3569 tas.
718 3561 749 3569 -
768 3516 898 3582 heracleon,
914 3513 1043 3571 OVRad.
1064 3518 1189 3579 heraclion,
1201 3516 1230 3582 β,
1249 3561 1280 3569 ..

160 3584 283 3650 rhopalon,
293 3605 315 3637 a.
334 3585 427 3651 opalou,
437 3588 519 3637 VRd.
534 3627 564 3636 -
579 3585 649 3646 claui,
659 3590 683 3637 d.
698 3629 728 3636 -
741 3584 838 3650 ideoque
849 3603 907 3638 cum
919 3591 952 3638 ad
964 3589 1093 3653 superiora
1103 3589 1207 3637 minime
1220 3602 1281 3651 qaa-

161 3654 224 3713 dret,
242 3656 355 3718 sequitur
371 3664 430 3705 ante
441 3656 508 3705 hanc
519 3669 607 3706 vocem
620 3655 745 3705 nonnulla
757 3657 887 3718 excidisse,
904 3671 969 3720 quae
980 3656 1089 3707 fortasse
1101 3656 1211 3719 suppleri
1222 3671 1281 3719 pos-

160 3730 220 3771 sunt
235 3737 268 3772 ex
284 3723 365 3773 verbis
380 3724 550 3773 Dioscuridis:
573 3719 676 3772 πίνεται
692 3720 724 3772 dl
742 3719 787 3771 καὶ
805 3720 876 3789 πρὸς
890 3721 987 3789 desipui
1004 3720 1089 3785 μυός,
1112 3721 1281 3786 παραιτεῖται

159 3783 215 3853 γὰρ
228 3786 352 3848 τούτους·
372 3785 480 3839 ἀτονίαν
497 3787 530 3839 δὲ
549 3787 691 3856 ἐργάζεται
706 3791 754 3841 τοῦ
766 3787 873 3840 αἰδοίου
885 3789 956 3857 πρὸς
967 3739 1062 3857 delira<
1072 3787 1188 3855 ἡμέρας,
1201 3785 1282 3849 εἴτις

160 3852 314 3923 ἐνδελεχῶς
323 3854 402 3906 πίνοι.
415 3859 482 3908 Hinc
491 3859 598 3909 lacunae
610 3860 684 3922 signs
694 3860 777 3923 posui.
789 3900 819 3908 -
828 3858 991 3924 genituraque,
1001 3860 1074 3909 Rad.
1091 3859 1183 3922 penitius
1195 3872 1281 3922 aquae,

159 3923 194 3972 V.
205 3965 236 3974 ..
252 3923 416 3985 Orchomenia,
426 3926 527 3976 vtica.
544 3924 693 3987 Orchomeno,
703 3922 753 3990 ssr·
770 3927 808 3976 At
820 3927 922 3976 retinuit
933 3927 1005 3976 illam
1017 3926 1125 3977 formam
1137 3927 1236 3977 Plinius
1248 3942 1281 3977 ex

159 3991 347 4056 Theophrasto.
367 4033 398 4041 -
416 3991 512 4050 mallon,
528 3986 657 4043 evuco.
682 3990 832 4055 μαδωνίαν,
845 3994 1025 4057 Theophras,
1042 3994 1085 4043 ubi
1096 4010 1120 4045 v.
1133 3995 1280 4047 Schneider.

160 4073 184 4122 p.
199 4062 255 4110 tas.
269 4101 300 4109 -
319 4067 403 4108 vocant
414 4067 443 4119 at,
456 4074 479 4109 a.
497 4069 583 4116 vacant
593 4058 641 4120 hee,
655 4062 678 4109 d.
697 4069 810 4121 mantea,
820 4062 853 4111 V.
871 4060 978 4121 micante,
990 4063 1021 4111 R.
1040 4069 1125 4111 vocam
1136 4063 1217 4127 quiet,
1228 4057 1279 4127 βγ.

159 4121 204 4174 καὶ
218 4123 264 4176 τὸν
277 4124 380 4191 καρπὸν
392 4123 541 4189 imiiaoacu,
555 4128 686 4192 Theophr.

161 4283 170 4325 t
187 4209 217 4327 ἕ,
223 4211 372 4331 ipilgqppuis
383 4220 413 4272 ct,
426 4212 459 4261 V.
480 4210 581 4276 mopere,
593 4207 713 4276 Radssy.
733 4253 762 4262 ..
781 4228 873 4262 summa
884 4229 950 4277 aqua
961 4222 984 4263 et
995 4213 1059 4279 alim,
1072 4231 1094 4266 a.
1116 4230 1208 4263 summa
1219 4230 1280 4277 quae

170 4293 186 4326 a
217 4316 224 4340 ,
313 4315 319 4328 .
