2918 4800
398 312 610 356 cmxxvm.
643 311 783 356 caarv.
814 310 911 355 sacr.
930 311 1011 352 nn.
1202 291 1264 355 269

144 464 335 529 Efficaciora
364 463 475 527 eadem
503 463 692 547 strigmenta
722 486 740 525 a
769 460 904 526 balineis
933 472 965 523 et
992 461 1063 524 ideo
1091 461 1266 525 miscentur
1280 476 1309 522 51

144 565 382 651 suppuratoriis
404 564 662 639 medicamentis3
690 587 763 627 nam
791 563 844 626 illa
865 583 946 644 quae
970 573 1044 626 sunt
1067 584 1084 626 e
1107 574 1266 627 ceromate

142 666 303 753 permixta
325 688 424 730 coeno
447 665 597 729 articulos
613 676 734 729 tantum
755 664 911 740 molliunt,
935 663 1134 739 calefaciunt,
1158 663 1265 729 discu-

143 769 225 831 tiunt
252 767 430 843 efficacius,
460 767 515 830 sed
542 767 582 830 ad
606 778 711 831 cetera
732 767 838 830 minus
860 766 977 829 valent.
1010 763 1149 830 Excedit
1169 765 1265 830 fidem

142 869 303 954 inpudens
332 890 493 950 curaque
518 868 620 932 sordis
642 867 801 932 virilitatis
824 878 934 932 contra
956 866 1159 950 scorpionum
1182 867 1265 931 ictus

144 970 315 1056 singularis
348 970 470 1034 remedi
499 969 696 1034 celeberrimi
726 980 873 1034 auctores
903 969 1057 1043 clamant3
1092 991 1203 1032 rursus
1232 969 1264 1032 in
1280 985 1312 1029 sa

144 1073 283 1150 leminis,
307 1093 386 1155 quas
408 1069 575 1133 infantium
599 1070 670 1133 alvo
692 1070 792 1134 editas
814 1070 846 1133 in
869 1079 960 1134 utero
981 1070 1053 1154 ipso
1076 1083 1185 1135 contra
1200 1082 1265 1135 ste·

143 1174 292 1238 rilitatem
317 1171 409 1236 subdi
433 1183 581 1246 censent3
604 1172 780 1237 meconium
802 1183 927 1235 vocant.
950 1171 1051 1235 Immo
1067 1172 1163 1235 etiam
1176 1173 1266 1258 ipsos

144 1275 383 1361 gymnasiorum
411 1296 519 1337 rasere
546 1274 684 1357 parietes
713 1284 744 1337 et
770 1272 843 1337 illae
872 1295 998 1356 quoque
1027 1274 1136 1339 sordes
1159 1276 1265 1339 excal-

144 1375 308 1440 factoriam
330 1375 396 1439 vim
417 1374 536 1438 habere
558 1374 726 1449 dicuntur3
757 1397 858 1458 panos
881 1375 1073 1453 discutiunt,
1104 1375 1266 1440 ulceribus

146 1500 257 1542 senum
278 1499 517 1562 puerorumque
539 1487 571 1539 et
593 1476 810 1559 desquamatis
833 1475 1029 1540 ambustisve
1050 1477 1237 1542 inlinuntur.

188 1581 237 1642 14.
261 1578 312 1643 Eo
334 1578 440 1642 minus
463 1579 564 1642 omitti
588 1578 735 1642 convenit
757 1577 798 1641 ab
821 1577 927 1642 animo
945 1577 1083 1642 hominis
1097 1580 1266 1664 pendentis
1282 1596 1312 1638 53

145 1680 331 1745 medicinas.
354 1680 530 1744 Abstinere
554 1703 587 1743 se
611 1679 682 1744 cibo
704 1680 790 1742 omni
813 1690 869 1743 aut
889 1692 979 1764 potu,
1003 1681 1082 1744 alias
1104 1681 1179 1745 vino
1195 1694 1266 1746 tan·

145 1792 212 1845 tum
234 1794 290 1847 aut
311 1804 417 1858 carne,
441 1782 519 1845 alias
542 1780 696 1859 balineis,
721 1802 793 1844 cum
815 1781 893 1862 quid
916 1803 1026 1844 eorum
1047 1782 1186 1866 postulet
1207 1806 1265 1847 va-

145 1884 264 1961 letudo,
288 1885 321 1947 in
337 1883 606 1967 praesentissimis
627 1882 777 1947 remediis
792 1882 937 1945 habetur.
961 1881 1025 1947 His
1040 1883 1268 1947 adnumeratur

146 1985 341 2060 exercitatio,
364 1984 499 2048 intentio
522 1984 621 2060 vocis,
645 1985 756 2072 ungui,
781 1984 887 2048 fricari
911 2008 983 2048 cum
1005 1984 1146 2060 ratione3
1169 1985 1266 2050 vehe-

145 2108 234 2150 mens
257 2087 340 2149 enim
363 2086 489 2150 fricatio
513 2086 639 2171 spissat,
661 2086 742 2150 lenis
762 2087 873 2161 mollit,
896 2086 997 2149 multa
1011 2085 1124 2149 adimit
1138 2108 1266 2172 corpus,

145 2199 244 2273 auget
265 2188 401 2252 modica.
423 2186 463 2250 In
485 2187 598 2272 primis
621 2209 699 2252 vero
720 2188 852 2273 prodest
874 2186 1056 2263 ambulatio
1080 2189 1216 2273 gestatio
1235 2199 1267 2250 et

145 2312 183 2353 ea
204 2289 352 2374 pluribus
374 2289 487 2353 modis.
524 2288 691 2373 Equitatio
704 2313 706 2318 ·
721 2289 884 2354 stomacho
913 2300 945 2353 et
973 2290 1061 2353 coxis
1084 2289 1264 2368 utilissima,
1281 2303 1313 2347 54

145 2390 266 2475 phthisi
288 2391 463 2476 navigatio,
485 2390 591 2478 longis
607 2391 726 2455 morbis
740 2390 883 2456 locorum
897 2391 1040 2468 mutatio,
1064 2392 1142 2455 item
1157 2413 1267 2456 somno

146 2492 208 2556 sibi
244 2492 364 2556 mederi
399 2504 453 2556 aut
484 2493 600 2557 lectulo
631 2501 662 2556 et
691 2515 763 2556 rara
792 2493 973 2556 vomitione.
1025 2491 1141 2578 Supini
1175 2492 1266 2557 cubi·

147 2605 197 2655 tus
220 2593 321 2657 oculis
345 2595 541 2671 conducunt,
572 2606 605 2657 at
627 2594 719 2679 proni
743 2593 901 2670 tussibus,
932 2594 964 2656 in
986 2596 1086 2658 latera
1112 2595 1267 2659 adversus

146 2693 386 2759 destillationes.
427 2696 616 2760 Aristoteles
650 2707 680 2759 et
709 2694 875 2760 Fabianus
904 2695 1087 2780 plurumum
1118 2697 1266 2761 somniari

147 2794 230 2858 circa
257 2818 313 2860 ver
335 2806 366 2860 et
387 2807 576 2862 autumnum
598 2797 727 2860 tradunt
754 2797 919 2885 magisque
942 2797 1058 2883 supino
1080 2798 1206 2875 cubitu,
1235 2809 1267 2862 at

146 2917 248 2979 prono
277 2896 356 2962 nihil
363 2922 371 2973 ;
406 2897 651 2984 Theophrastus
681 2898 814 2964 celerius
843 2899 997 2982 concoqui
1024 2900 1130 2964 dextri
1159 2900 1267 2965 lateris

146 3077 267 3129 cerussata,
280 3072 364 3120 VRd.
384 3113 415 3120 -
431 3071 561 3133 permista,
577 3067 732 3122 OVRan.
748 3073 874 3136 permixto,
886 3068 915 3132 β.
935 3113 966 3120 -
989 3073 1109 3132 articulos,
1121 3074 1187 3123 R21.
1206 3073 1267 3121 arti·

146 3134 211 3195 cules,
224 3139 321 3188 VR'd.
341 3179 371 3186 ..
392 3147 489 3199 tantum,
504 3141 603 3190 VR'd.
622 3156 719 3203 quoque,
731 3141 796 3189 R²r.
816 3180 847 3188 ..
866 3137 975 3200 mollient,
987 3143 1018 3191 R.
1039 3181 1068 3190 ..
1088 3140 1200 3200 clamant,
1212 3143 1266 3191 Rd.

146 3202 269 3264 damnant,
285 3198 344 3254 GV.

180 3295 194 3355 ξ
208 3303 247 3346 52.
266 3313 327 3359 quas
339 3296 393 3346 alvo
404 3296 506 3345 reddunt
517 3299 621 3361 affantes
632 3307 699 3346 utere
711 3297 794 3361 editus,
808 3301 840 3349 K.
859 3315 919 3361 quas
931 3297 1033 3348 reddunt
1043 3300 1147 3365 insontes
1159 3299 1220 3362 alvo,
1238 3317 1267 3350 es·

146 3371 211 3411 utero
224 3363 288 3424 editi,
301 3373 390 3417 commu.
401 3366 489 3415 Dalec.
509 3407 539 3414 ..
564 3366 698 3427 meconium,
711 3368 780 3416 R²d.
799 3366 934 3429 meconium,
950 3361 1020 3417 83¹.
1044 3367 1169 3428 metonian,
1181 3371 1214 3419 V.
1235 3410 1265 3418 .-

146 3431 199 3491 vim,
212 3433 264 3482 Rd.
283 3449 341 3493 eum,
353 3434 387 3482 V.
408 3475 438 3482 ,.
459 3448 637 3496 puerorumque,
649 3434 721 3483 lma
745 3451 836 3498 quoque
852 3451 984 3498 rerumque,
1001 3438 1045 3485 Rc
1068 3452 1157 3499 quoque
1172 3453 1265 3485 rarum-

148 3515 199 3560 que,
213 3501 245 3549 V.
261 3517 486 3564 puerperarumque,
500 3501 613 3550 Gronov.

80 3588 83 3593 ’
180 3590 248 3651 §53.
267 3593 348 3649 omnis.
360 3597 391 3645 R.
411 3635 441 3642 ..
461 3591 596 3642 medicinas.
614 3594 750 3643 Haesunt:
762 3595 831 3656 ubst,
843 3597 949 3647 Barbar.
962 3597 994 3646 K.
1007 3639 1038 3646 ..
1058 3593 1265 3657 Abstenere,VR.

146 3700 177 3707 ..
191 3675 222 3718 se,
234 3654 387 3710 OVRle.
406 3661 493 3712 Omitt.
504 3663 545 3710 1³2
558 3659 644 3723 (codd.
656 3661 725 3722 Gel.)
737 3657 788 3726 βγ.
803 3705 832 3712 -
847 3662 960 3724 rralitudo,
969 3666 1002 3714 V.
1013 3707 1042 3715 ..
1055 3665 1109 3725 His,
1120 3667 1265 3717 VRTKd.

146 3726 194 3774 His
205 3726 322 3788 remediis,
334 3725 384 3792 βγ.
403 3771 431 3778 -
453 3728 533 3792 unpui,
544 3731 614 3778 R2d.
633 3731 697 3795 unqi,
714 3724 830 3780 OVTK.
849 3731 905 3795 cipi,
917 3735 961 3783 R¹.
980 3749 1062 3797 unque,
1075 3728 1104 3793 β
1118 3775 1147 3783 ..
1167 3734 1269 3797 spissus,

147 3795 185 3842 V.
196 3836 226 3844 -
246 3794 311 3853 terres,
324 3797 426 3845 Barbur.
440 3798 471 3845 R.
491 3794 553 3858 lenit,
566 3798 622 3846 Vd.

181 3878 249 3938 §54
266 3879 348 3942 pthisi,
361 3883 409 3930 R'2.
427 3880 498 3944 ptysi,
512 3885 552 3930 d2.
568 3880 642 3945 pilisi,
654 3885 699 3932 R¹.
716 3882 797 3946 pilea,
810 3885 844 3933 V.
859 3884 922 3947 plus,
935 3887 971 3934 d¹.
990 3893 1013 3932 et
1024 3884 1101 3948 phtisi
1108 3883 1170 3948 plus,
1183 3887 1213 3935 T.
1233 3928 1263 3937 ..

148 3944 223 4010 lonyis
232 3947 376 4005 „murena
390 3949 471 3997 omitt.
484 3951 560 3998 VR'.
574 3989 601 3998 -
624 3950 672 3998 sibi
682 3949 775 4010 mederi,
788 3952 873 4002 VRd.
891 3951 981 4000 mederi
987 3952 1040 4013 sibi,
1052 3949 1104 4017 βγ.
1120 3995 1149 4002 ..
1163 3963 1264 4016 etrum,

147 4014 244 4064 VR'd.
263 4022 383 4072 entrare,
395 4011 491 4079 R²ss7n
512 4057 542 4064 -
561 4016 655 4076 cubitos,
668 4020 712 4068 R'.
732 4058 763 4066 ..
782 4017 913 4075 condicunt,
925 4021 1000 4069 VR¹.
1020 4061 1050 4070 .-
1073 4019 1113 4081 ud,
1125 4023 1159 4072 V.
1180 4064 1209 4071 -
1230 4031 1264 4071 tu-

146 4079 218 4140 ribus,
231 4085 265 4132 V.
286 4124 315 4132 -
336 4081 417 4141 latere,
429 4083 462 4130 V.
482 4123 512 4130 -
532 4082 653 4143 adversus,
667 4087 690 4133 d.
713 4084 748 4133 ud
762 4102 825 4145 risus,
838 4088 870 4135 V.
889 4085 1021 4148 aduersum,
1034 4084 1084 4148 Rd
1106 4126 1111 4138 .
1134 4131 1162 4138 -
1182 4088 1254 4139 destil

148 4145 253 4211 lotiones,
266 4151 290 4200 R
299 4154 315 4199 '·'.
335 4148 506 4210 declinationes,
519 4151 598 4200 R¹d¹.
618 4150 788 4212 distinctiones,
802 4154 835 4201 V.
854 4152 1025 4212 distillationes,
1038 4102 1105 4216 dig
1120 4199 1149 4206 -
1168 4158 1253 4207 Aristo

147 4214 202 4263 tetes
220 4222 287 4280 apud
298 4219 428 4267 Plutarch.
445 4233 556 4282 sympos.
573 4228 670 4282 quaest.
684 4220 758 4269 VIII.
774 4227 813 4280 10,
828 4227 848 4270 l.
868 4238 892 4285 p.
907 4224 963 4272 734.
990 4265 1019 4273 ..
1043 4224 1166 4287 somniare,
1179 4227 1213 4276 V.
1231 4269 1261 4277 ..

147 4298 195 4345 ver,
212 4278 379 4335 OVRTKd.
397 4301 501 4347 vernum,
512 4281 541 4347 β.
