2918 4800
238 292 300 356 160
587 308 790 354 sarnanum
812 307 1006 355 mesonma

278 463 308 526 3.
337 458 410 524 Non
432 459 538 522 fuerat
558 456 638 523 haec
659 456 728 522 lues
756 458 844 542 apud
870 457 1008 525 maiores
1036 471 1210 545 patresque
1232 472 1386 529 nostrosa

235 573 268 626 et
289 559 429 646 primum
452 557 563 625 Tiberi
587 555 704 624 Claudi
720 555 870 624 Caesaris
891 558 1075 646 principatu
1096 561 1203 626 medio
1224 562 1359 650 inrepsit

234 663 267 727 in
282 661 420 740 Italiam,
440 661 579 745 quodam
592 659 752 725 Perusino
768 662 874 744 equite
888 659 1034 726 Romano
1048 662 1228 745 quaestorio
1243 664 1357 744 scriba,

234 787 308 830 cum
328 763 360 827 in
384 762 466 827 Asia
486 763 701 848 adparuisset,
722 761 798 827 inde
820 761 1042 849 contagionem
1065 761 1135 828 eius
1155 763 1356 851 inportante3

233 888 293 930 nec
320 886 448 930 sensere
476 863 510 927 id
539 863 659 927 malum
685 863 824 928 feminae
853 874 909 928 aut
936 863 1067 929 servitia
1092 865 1269 950 plebesque
1295 867 1356 931 bu·
1428 931 1433 941 ,

233 966 316 1031 milis
338 976 394 1030 aut
414 962 530 1042 media,
553 964 609 1028 sed
632 986 783 1049 proceres
805 964 907 1031 veloci
929 965 1065 1031 transitu
1080 965 1182 1030 osculi
1196 989 1356 1048 maxume,

233 1067 377 1133 foediore
399 1065 572 1130 multorum
593 1065 648 1150 qui
670 1065 796 1152 perpeti
817 1065 1010 1132 medicinam
1038 1067 1251 1133 toleraverant
1273 1069 1357 1134 oica·

233 1170 313 1235 trice
337 1191 434 1253 quam
456 1165 586 1243 morbo;
609 1166 757 1232 causticis
772 1189 910 1251 namque
932 1167 1113 1247 curabatur,
1136 1170 1170 1234 ni
1190 1192 1293 1254 usque
1315 1172 1357 1235 ad

233 1294 308 1336 ossa
330 1291 447 1354 corpus
470 1280 619 1333 exustum
642 1279 738 1347 esset,
761 1267 936 1334 rebellante
958 1270 1074 1348 taedio,
1096 1270 1357 1357 adveneruntque

233 1395 274 1436 ex
288 1372 442 1457 Aegypto
464 1370 626 1458 genetrice
650 1370 757 1436 talium
775 1369 924 1436 vitiorum
937 1370 1053 1437 medici
1066 1371 1149 1437 banc
1163 1373 1263 1438 solam
1277 1373 1367 1458 cpe-'

232 1495 302 1537 ram
324 1473 504 1537 adferentes
527 1492 644 1558 magna
667 1493 725 1536 sua
739 1472 869 1557 praeda.
897 1467 1065 1555 Siquidem
1080 1482 1201 1538 certum
1218 1482 1266 1539 est
1279 1473 1384 1539 Mat

232 1573 346 1639 nillum
368 1569 546 1638 Cornutum
568 1594 586 1636 e
612 1572 791 1658 praetoriis,
820 1573 962 1659 legatum
983 1573 1195 1658 Aquitanicae
1222 1574 1354 1661 provin-

233 1677 310 1753 ciae,
333 1697 384 1739 ns.
400 1695 438 1738 cc
459 1672 600 1739 elocasse
622 1672 656 1737 in
679 1697 716 1739 eo
735 1674 846 1740 morbo
866 1675 1045 1740 curandum
1066 1698 1137 1740 sese
1144 1701 1153 1753 ;
1177 1675 1355 1761 acciditque

232 1779 361 1866 saepius
382 1789 419 1843 ut
440 1801 524 1843 nova
546 1789 656 1843 contra
679 1801 799 1864 genera
821 1778 1004 1843 morborum
1020 1780 1180 1866 gregatim
1195 1780 1354 1847 sentiren-

231 1891 293 1945 tur.
317 1879 391 1961 Quo
413 1878 590 1951 mirabilius
612 1880 691 1963 quid
713 1888 818 1965 potest
838 1879 972 1966 reperiri
995 1880 1103 1965 aliqua
1116 1881 1208 1969 gigni
1222 1895 1355 1968 repente

231 1983 310 2047 vitia
330 1994 488 2047 terrarum
509 1981 543 2045 in
564 1992 657 2068 parte
681 1993 769 2047 certa
784 1982 1000 2067 membrisque
1013 1982 1176 2048 hominum
1193 1987 1288 2049 certis
1302 1982 1356 2048 vel

231 2083 387 2150 aetatibus
409 2093 465 2147 aut
487 2082 582 2147 etiam
604 2083 750 2162 fortunis,
773 2095 934 2166 tamquam
957 2085 1041 2148 malo
1057 2084 1205 2172 eligente,
1228 2083 1308 2148 haec
1321 2084 1354 2148 in

230 2186 339 2270 pueris
360 2184 520 2274 grassari,
550 2184 604 2248 illa
624 2184 657 2249 in
686 2185 822 2264 adultis,
852 2184 932 2250 haec
959 2207 1108 2271 proceres
1137 2183 1273 2262 sentire,
1301 2184 1356 2250 illa

230 2288 409 2375 pauperes?
486 2350 493 2364 ,

272 2392 303 2454 4.
324 2388 366 2453 L.
381 2388 485 2453 Paulo
509 2387 551 2469 Q.
567 2387 692 2453 Marcio
715 2386 901 2453 censoribus
924 2389 1063 2472 primum
1084 2389 1118 2452 in
1131 2387 1260 2453 Italiam
1282 2401 1382 2453 oar-⁵

228 2489 403 2566 bunculum
430 2489 558 2555 venisse
585 2489 755 2554 annalibus
783 2499 927 2553 notatum
953 2499 1013 2567 est,
1040 2489 1203 2575 peculiare
1225 2489 1352 2554 Narbo-

230 2590 340 2655 nensis
368 2590 552 2675 provinciae
580 2590 716 2668 malum,
749 2612 813 2674 quo
840 2591 904 2655 duo
931 2591 1113 2656 consulares
1141 2591 1249 2658 obiere
1276 2613 1352 2655 con-

230 2691 381 2758 dentibus
395 2692 475 2758 hacc
489 2691 581 2758 nobis
597 2693 709 2758 eodem
724 2713 819 2769 anno,
841 2690 944 2758 Iulius
959 2691 1068 2759 Rufus
1083 2704 1116 2758 et
1132 2692 1174 2774 Q.
1190 2691 1353 2759 Lecanius

230 2793 363 2870 Bassus,
386 2792 439 2858 ille
461 2792 659 2889 medicorum
680 2792 805 2858 inscitia
826 2807 943 2872 sectus,
964 2793 1018 2860 hio
1032 2816 1108 2862 vero
1122 2793 1228 2881 pollici
1242 2795 1353 2859 laevae

264 3021 314 3082 §a
340 3015 438 3078 nanas,
451 3020 475 3068 a.
499 3017 543 3078 aa,
556 3035 579 3068 a
603 2986 719 3080 alva.
750 3017 913 3078 Tiberiana,
929 3018 1057 3070 smmi.
1081 3057 1113 3067 -
1139 3016 1353 3078 Pensavit.

229 3085 337 3146 Persico,
349 3087 375 3137 R
386 3084 473 3148 (codd.
486 3084 575 3149 Rana.)
586 3082 615 3148 β.
635 3127 666 3136 ,.
689 3086 769 3150 equiti,
780 3088 863 3137 VRa.
881 3087 919 3137 .'
937 3085 970 3147 in,
988 3100 1037 3135 om.
1050 3086 1075 3134 d.
1095 3125 1126 3134 ..
1145 3083 1286 3148 aperuisset,
1296 3086 1352 3135 Vd.

232 3194 260 3203 ..
281 3152 376 3214 atinde,
389 3156 412 3204 d.
431 3195 463 3204 ..
488 3154 653 3218 inportantem,
664 3155 699 3204 V.
718 3196 749 3204 ..
773 3153 862 3214 inmiti,
874 3170 897 3203 a.
917 3194 948 3203 ..
970 3152 997 3201 ni
1007 3168 1087 3216 usquc,
1099 3153 1166 3203 Rau
1183 3149 1269 3214 (codd.
1283 3153 1353 3215 Get.)

227 3222 335 3286 piusque,
347 3223 394 3272 V¹.
414 3221 538 3285 prismae,
549 3223 576 3272 V
584 3224 601 3271 ².
614 3227 654 3273 ..'
665 3220 706 3282 cd,
720 3216 800 3272 OTd.
819 3221 851 3282 in,
862 3222 918 3272 VR
930 3219 969 3283 (in
980 3219 1079 3283 rasura)
1092 3238 1108 3271 a
1119 3217 1206 3282 (codd.
1219 3219 1290 3283 Gel.)
1302 3216 1352 3286 βγ.

231 3331 262 3339 ..
280 3305 305 3338 se
317 3288 424 3350 bellante,
436 3292 461 3341 d.
479 3330 511 3340 ..
529 3306 633 3354 operam,
645 3293 670 3342 R
681 3287 726 3352 (ad
738 3305 817 3354 marg.
834 3288 868 3339 al.
881 3287 966 3353 operti)
978 3305 1000 3339 a.
1023 3305 1093 3351 orem,
1106 3290 1159 3340 Td.
1183 3305 1277 3350 morem,
1290 3289 1352 3340 VR.

229 3373 303 3422 opem,
316 3359 385 3407 Pint.

264 3454 315 3514 §4.
333 3466 353 3510 e,
367 3443 507 3501 HVR'Pd.
530 3459 596 3511 eta.
620 3447 697 3513 east.
717 3491 748 3499 ,.
772 3449 827 3501 Hs.
843 3441 981 3511 iduare.
1008 3450 1121 3499 sestertiis
1132 3447 1352 3509 ducentis‚Budae.

178 3602 180 3606 μ
230 3547 328 3594 deesse
340 3559 364 3607 p.
377 3547 435 3594 247.
455 3584 485 3593 -
504 3544 639 3604 sese,R‘d.
664 3542 800 3604 esse‚R'·'a
823 3527 885 3612 iisse,
902 3544 936 3593 V.
956 3583 988 3593 ..
1014 3550 1106 3602 contra,
1121 3542 1244 3593 VR²ad
1264 3542 1352 3592 Omitt.

229 3612 303 3661 Rtr.
323 3652 353 3660 ..
376 3611 520 3674 morborum
542 3620 602 3676 post
617 3612 642 3661 h.
655 3627 679 3660 v.
695 3612 786 3674 repetit
801 3607 932 3659 curandum
947 3625 997 3657 sese
1013 3607 1144 3671 occiditque
1155 3608 1250 3671 saepius
1262 3609 1293 3669 R,
1311 3625 1352 3657 ue-

230 3678 332 3742 ciditque
342 3679 437 3743 saepius
448 3680 481 3728 V.
501 3721 532 3729 ..
551 3678 676 3742 repperiri,
687 3679 742 3727 Va.
760 3718 791 3727 -
810 3685 883 3738 certa,
895 3678 946 3726 Ra.
964 3684 1037 3737 creta,
1051 3679 1075 3725 d.
1093 3684 1188 3739 cretam,
1200 3677 1234 3727 V.
1251 3717 1281 3726 ..
1291 3678 1352 3740 snr-

231 3747 293 3808 tinis,
306 3748 338 3796 V.
359 3788 390 3797 -
408 3746 474 3796 mala
485 3745 582 3811 eligant,
594 3762 615 3795 r.
634 3787 664 3796 ..
684 3745 798 3804 crassari,
810 3746 878 3794 Vld.
897 3784 929 3793 -
947 3741 1070 3804 adulteris,
1082 3759 1105 3793 a.
1351 3795 1353 3799 ,

265 3814 315 3874 55.
333 3814 420 3874 Paulo,
432 3817 483 3866 Ra.
501 3808 712 3875 Paullavdssr.
732 3852 762 3861 -
781 3810 884 3871 Martio,
895 3811 929 3860 V.
949 3851 980 3860 -
998 3809 1081 3872 Italia,
1093 3811 1175 3862 VRa.
1189 3853 1219 3862 ..
1239 3819 1352 3873 notatum,

234 3874 372 3932 OVRTd.
390 3883 545 3942 constitutum,
557 3899 580 3932 a.
598 3880 761 3942 conscriptum,
772 3873 823 3943 βγ.
838 3919 868 3926 ..
881 3877 954 3938 cbire,
963 3894 986 3927 a.
1000 3919 1031 3928 ..
1047 3895 1118 3940 anno,
1127 3881 1199 3930 Rad.
1217 3895 1308 3939 manne,
1317 3881 1352 3930 V.

231 3991 262 3999 -
281 3958 304 3997 at
319 3949 357 4012 Q,
373 3951 425 4001 Ra.
452 3959 529 4015 atque,
541 3951 597 3999 Vd.
623 3949 664 3997 De
680 3949 732 3997 hoc
746 3947 802 3996 viro
819 3963 842 3995 v.
859 3946 940 4010 Ryck.
957 3949 989 3996 ad
1005 3948 1087 3997 Tacit.
1103 3949 1189 3998 annal.
1208 3954 1247 4008 15,
1259 3953 1300 3996 33.
1320 3989 1352 3997 ..

230 4016 299 4078 illesi,
312 4035 334 4068 a.
354 4059 385 4067 ..
403 4018 507 4076 inscitia,
520 4021 544 4069 R
555 4021 587 4068 ad
599 4017 707 4079 margin.
727 4014 852 4076 inscitiam,
865 4030 887 4062 a.
905 4013 1037 4077 inscientia,
1053 4008 1184 4080 OVRdr.
1204 4057 1235 4064 -
1253 4023 1352 4076 secutas,

229 4086 301 4135 V²a.
320 4127 351 4134 ..
376 4085 627 4149 pottictvrtradr.
652 4078 787 4147 pollicari.
810 4123 841 4132 ...
861 4081 917 4144 leve,
933 4099 956 4132 a.
979 4123 1010 4132 ..
1038 4083 1190 4142 evulsaRd.
1217 4080 1304 4143 evulsa,
1318 4084 1352 4133 V.

229 4151 317 4211 euulsa,
330 4169 370 4203 ar.
395 4151 539 4214 diuulsall.
566 4150 777 4215 imputandas.
796 4192 827 4202 ..
844 4152 1073 4216 porvo‚VRTad.
1098 4146 1351 4216 paroovclnerassr.

230 4260 262 4270 ...
297 4220 426 4279 ossit‚Va.

263 4236 315 4352 §pu
342 4285 498 4349 ocultissimts,
513 4287 547 4337 V.
571 4327 601 4336 ..
628 4284 729 4349 danea
741 4287 775 4337 V.
799 4328 830 4338 ..
857 4287 919 4350 vari,
934 4287 1002 4339 rint.
1028 4285 1099 4349 varii,
1115 4286 1241 4337 VRle.
1268 4283 1351 4347 υανὶίε,
