2918 4800
197 302 237 364 38
545 313 747 359 NATURALIS
770 311 965 359 ffls'roamn

240 468 290 532 66.
318 464 420 530 Pruni
448 463 525 529 folia
552 463 700 542 tonsillis,
730 462 889 550 gingivis,
920 484 1002 527 uvae
1028 473 1163 546 prosunt
1184 461 1219 526 in
1240 460 1316 528 vino
1331 479 1380 526 raa

195 570 327 634 decocta
349 579 381 631 et
402 564 537 630 subinde
560 565 687 630 conluto
710 587 781 642 ore;
808 563 880 649 ipsa
906 586 1012 649 pruna
1033 563 1138 629 alvom
1160 563 1316 642 molliunt,

195 667 357 736 stomacho
378 690 442 732 non
463 666 642 746 utilissima,
666 667 723 732 sed
745 666 837 732 brevi
858 675 1027 730 momento.

238 772 288 835 67.
315 767 456 834 Utiliora
477 767 604 855 persica
626 789 785 852 sucusque
806 790 915 833 eorum
938 765 1034 832 etiam
1055 765 1089 830 in
1111 764 1185 830 vino
1207 764 1318 830 autin

194 883 285 938 aceto
312 893 496 958 expressus.
542 867 609 950 Qui
637 869 719 934 alius
748 869 817 934 eius
849 868 952 954 pomis
978 866 1176 933 innocentior
1204 866 1317 932 cibus?

193 972 361 1057 Nusquam
382 971 489 1036 minus
511 970 628 1048 odoris,
653 970 722 1035 suci
743 971 827 1057 plus,
851 969 905 1055 qui
929 981 1034 1034 tamen
1057 969 1143 1034 sitim
1165 968 1316 1034 stimulet.

193 1073 286 1139 Folia
308 1074 378 1140 eius
399 1073 474 1137 trita
494 1072 585 1138 inlita
606 1072 861 1158 haemorragiam
883 1071 1016 1147 sistunt3
1045 1070 1151 1136 nuclei
1172 1069 1316 1156 persico-

192 1199 265 1241 rum
287 1198 359 1240 cum
381 1175 450 1239 oleo
473 1185 505 1240 et
526 1184 615 1240 aceto
637 1175 750 1261 eapitis
772 1172 936 1239 doloribus
957 1174 1146 1238 inlinuntur.

237 1278 287 1342 68.
311 1272 516 1340 Silvestrium
538 1275 666 1360 quidem
682 1298 858 1360 prunorum
879 1275 979 1340 bacae
1000 1275 1053 1340 vel
1075 1297 1093 1339 e
1115 1273 1223 1339 radice
1245 1293 1317 1336 cor·
1333 1286 1381 1332 raa

193 1387 247 1443 tex
270 1377 305 1441 in
328 1376 402 1443 vino
424 1387 553 1442 austero
575 1376 603 1442 si
624 1376 853 1461 decoquantur,
882 1376 927 1440 ita
948 1386 985 1441 ut
1007 1375 1106 1441 triens
1128 1398 1168 1440 ex
1189 1373 1318 1439 hemina

195 1478 345 1563 supersit,
366 1478 471 1544 alvom
493 1479 609 1544 sistunt
631 1489 662 1542 et
684 1478 837 1553 tormina3
862 1477 939 1543 satis
955 1488 1004 1542 est
1020 1476 1165 1564 singulos
1180 1475 1316 1560 cyathos

193 1578 316 1645 decocti
339 1579 431 1644 sumi.

236 1681 287 1745 69.
316 1679 360 1745 Et
387 1681 421 1745 iu
445 1679 496 1746 his
518 1693 550 1746 et
572 1681 683 1747 sativis
705 1680 817 1768 prunis
839 1690 889 1746 est
908 1680 1004 1745 limus
1032 1680 1193 1757 arborum,
1220 1701 1317 1764 quem

194 1779 313 1848 Graeci
326 1781 452 1847 hchena
467 1781 640 1868 appellant,
654 1781 819 1870 rhagadiis
833 1791 864 1848 et
879 1781 1110 1866 condylomatis
1124 1781 1204 1846 mire
1218 1780 1317 1845 utilis.

236 1884 287 1949 70.
316 1881 412 1949 Mora
432 1883 465 1947 in
487 1882 643 1972 Aegypto
665 1893 696 1947 et
720 1881 832 1968 Cypro
854 1881 904 1948 sui
931 1881 1071 1968 generis,
1100 1891 1137 1946 ut
1164 1880 1317 1961 diximus,
1333 1895 1382 1940 1³4

190 1985 283 2072 largo
304 2006 382 2050 suco
403 1984 568 2050 abundant
583 2007 707 2051 summo
723 1984 840 2051 cortice
855 1983 1072 2068 desquamato,
1096 1983 1206 2048 altiore
1220 1984 1318 2071 plaga

193 2088 307 2167 siccae,
328 2086 466 2152 mirabih
487 2099 611 2152 natura.
635 2083 743 2152 Sueus
758 2086 948 2152 adversatur
962 2086 1093 2151 venenis
1110 2085 1317 2171 serpentium,

190 2190 323 2277 prodest
338 2188 549 2274 dysintericis,
573 2188 704 2254 discutit
717 2210 819 2276 panos
834 2187 1002 2272 omnisque
1017 2187 1229 2265 collectiones,
1251 2188 1318 2253 vol·

190 2313 270 2357 nera
291 2290 501 2376 conglutinat,
529 2289 642 2376 capitis
670 2290 796 2356 dolores
824 2289 927 2368 sedat,
956 2289 1035 2354 item
1056 2289 1199 2366 aurium3
1231 2288 1317 2375 sple-

191 2392 273 2458 nicis
295 2391 417 2456 bibitur
438 2401 534 2475 atque
556 2390 699 2456 inlinitur
721 2402 755 2457 et
769 2402 879 2456 eontra
893 2390 1130 2477 perfrictiones3
1153 2390 1318 2456 celerrime

192 2493 367 2559 teredinem
389 2492 494 2557 sentit.
526 2491 640 2578 Neque
661 2492 749 2579 apud
769 2517 830 2559 nos
852 2515 928 2558 suco
949 2493 1054 2559 minor
1075 2516 1170 2570 usus3
1199 2492 1381 2559 adver-1³5

192 2604 281 2658 satur
302 2593 428 2660 aconito
452 2605 484 2660 et
504 2594 629 2660 araneis
651 2595 685 2658 in
706 2594 781 2660 vino
802 2606 908 2681 potus,
931 2595 1036 2660 alvom
1051 2595 1157 2672 solvit,
1181 2593 1318 2682 pituitas

192 2694 376 2780 taeniasque
391 2704 423 2760 ct
437 2694 552 2761 similia
568 2697 688 2762 ventris
703 2697 853 2762 animalia
867 2696 1024 2774 extrahit3
1047 2695 1109 2762 hoc
1123 2696 1210 2762 idem
1224 2718 1317 2783 prae-

192 2807 256 2862 stat
277 2807 310 2863 et
330 2806 439 2863 cortex
461 2798 567 2863 tritus.
595 2797 689 2864 Folia
712 2798 841 2887 tingunt
862 2798 1011 2885 capillum
1034 2821 1109 2864 cum
1129 2797 1182 2863 fici
1204 2796 1318 2886 nigrae

190 2909 223 2963 et
244 2898 318 2965 vitis
339 2899 456 2965 cortice
478 2899 572 2966 simul
594 2900 692 2966 coctis
714 2922 798 2985 aqua
819 2899 957 2966 caelesti.
981 2899 1077 2966 Pomi
1092 2899 1197 2986 ipsius
1221 2920 1318 2966 sucus

227 3092 311 3154 §lea
334 3090 433 3155 Prunr'a
444 3093 479 3144 V.
498 3135 528 3144 ..
549 3090 625 3158 solia,
638 3109 657 3143 r.
676 3088 996 3156 soliadecocto,Vadssr.
1013 3133 1045 3143 ..
1073 3089 1211 3152 meamet,
1227 3092 1251 3141 d.
1277 3087 1319 3139 da

191 3166 271 3208 coctae
282 3166 312 3221 et,
322 3160 376 3211 Va
394 3157 488 3211 decocto
499 3176 532 3223 oo,
546 3161 625 3213 Gron.
635 3158 691 3221 ad§
704 3165 768 3222 105,
777 3174 804 3224 r.
823 3160 941 3212 Ceterum
954 3161 1073 3225 copulam
1082 3167 1105 3209 et
1112 3159 1222 3210 librariis
1234 3159 1319 3208 deberi

191 3228 255 3277 mihi
272 3242 421 3292 persuasum
438 3241 484 3291 est,
502 3231 544 3294 qni
561 3243 637 3293 saepe
654 3229 727 3277 illam
743 3236 836 3278 temere
848 3229 1010 3290 intruserunt,
1027 3229 1065 3278 nti
1077 3228 1163 3278 statim
1174 3225 1240 3277 inira
1252 3227 1320 3277 male

190 3295 218 3344 in
230 3297 360 3346 nonnullis
372 3297 445 3347 codd.
464 3304 488 3346 at
502 3314 580 3347 eorum
592 3296 695 3360 legitur.
715 3337 746 3345 -
765 3294 857 3345 conluto
869 3313 917 3358 cre,
933 3297 969 3346 ita
980 3312 1029 3346 nos
1040 3296 1192 3360 scripsimus.
1219 3292 1318 3356 colum,

191 3363 266 3413 Vad.
293 3363 436 3424 oracullum,
448 3360 499 3428 βγ.
519 3405 551 3414 -
577 3365 749 3426 uon,VTad.
776 3359 880 3425 verqss.
904 3405 936 3414 -
965 3363 1069 3416 Utiliora
1078 3363 1183 3428 persica,
1199 3363 1318 3412 Dioscor.

194 3437 216 3492 1,
232 3437 288 3482 164.
308 3472 340 3480 -
358 3448 444 3493 eorum,
457 3435 481 3482 d.
505 3441 625 3493 eteorum,
637 3431 672 3482 V.
695 3440 818 3493 otacrum,
830 3447 856 3483 a.
874 3472 906 3481 ..
928 3431 1007 3493 etrum,
1019 3434 1073 3483 Va.
1097 3431 1232 3491 etiamnum,
1245 3424 1318 3493 dssr.

193 3538 224 3549 ..
243 3498 329 3559 autin,
341 3500 396 3550 Va.
422 3507 473 3560 aut,
486 3501 538 3550 Τὰ.
557 3540 589 3549 -
613 3515 761 3563 expraessus,
773 3501 807 3551 V.
834 3515 912 3548 eorum
929 3498 1000 3549 etiam
1012 3496 1320 3562 apresauscumuiooaut

192 3575 266 3628 aceto,
282 3568 371 3617 Dalec.
390 3608 421 3616 -
444 3566 499 3627 Qut,
515 3569 552 3617 ita
567 3583 615 3617 nos
627 3568 781 3631 scripsimus,
798 3574 827 3616 ut
842 3569 876 3616 sit
891 3568 1031 3616 enuntiatio
1048 3566 1238 3630 interrogativa.
1265 3580 1318 3628 qua,

192 3636 268 3685 vae.
286 3633 340 3686 Nec
351 3642 393 3695 est,
404 3629 456 3699 βγ.
474 3675 506 3683 -
525 3634 582 3696 atus,
599 3627 680 3685 8Vd.
699 3634 740 3694 eir,
752 3630 822 3697 αβγ.
839 3635 877 3684 At
888 3649 911 3684 v.
924 3635 1011 3684 statim
1022 3634 1095 3684 inira.
1115 3674 1147 3684 ..
1164 3631 1319 3682 haemorrha-

191 3702 265 3766 9r'am‚
278 3704 351 3753 codd.
365 3703 422 3754 Gel.
445 3701 640 3766 desumptam,
653 3705 677 3753 d.
699 3701 875 3817 haemorogiau,
887 3716 911 3751 a.
935 3702 1078 3766 emoroyian,
1091 3703 1125 3753 V.
1143 3742 1175 3752 -
1197 3699 1282 3763 nuclei,
1295 3716 1318 3751 a.

192 3768 280 3832 nucleo,
293 3772 327 3822 V.
346 3769 446 3831 nucleus,
459 3773 482 3821 d.
502 3811 534 3819 -
551 3786 603 3819 cum
615 3769 664 3818 oleo
676 3777 699 3818 et
710 3778 784 3830 aceto,
827 3770 931 3820 VTad.
949 3769 975 3818 in
986 3777 1052 3818 caeto
1064 3778 1086 3818 et
1097 3768 1154 3831 olco,
1166 3766 1195 3831 β.

227 3857 242 3919 §
256 3862 312 3906 133.
336 3853 488 3918 decoquatur,
500 3856 534 3905 V.
555 3894 586 3904 ..
609 3853 695 3902 statuat
706 3861 729 3902 et
741 3855 848 3913 tormina,
860 3855 936 3904 Vud.
960 3861 984 3903 et
996 3853 1097 3903 tarmim
1108 3853 1201 3915 rictum,
1214 3848 1266 3918 βγ.
1287 3893 1318 3902 ..

184 3923 259 3987 sumi,
272 3923 306 3973 V.
326 3965 356 3973 -
375 3922 420 3984 lr's,
432 3924 487 3974 Vd.
505 3923 543 3985 ia,
557 3918 628 3987 ufir.
649 3963 680 3971 ..
698 3920 818 3986 repudiis,
830 3923 887 3972 Vc.
907 3919 1021 3987 trapodh,
1035 3937 1057 3972 a.

226 4011 241 4073 §
256 4014 312 4059 134.
335 4005 438 4057 diximus
451 4014 490 4070 13,
505 4013 536 4059 56
553 4022 623 4072 seqq.
641 4007 699 4057 coll.
711 4007 829 4058 Dioscor.
844 4011 866 4069 1,
882 4011 938 4059 187.
956 4047 988 4057 -
1012 4005 1107 4069 altiore,
1120 4022 1143 4057 a.
1170 4004 1251 4067 altior,
1263 4006 1319 4056 Vd.

193 4118 225 4126 -
243 4076 328 4137 siccae,
341 4093 360 4125 r.
379 4074 456 4124 siccae
466 4076 495 4138 si,
507 4077 581 4126 Vad.
599 4074 728 4134 siccantur,
738 4070 789 4139 βγ.
808 4117 839 4125 -
857 4073 975 4139 ερῑενιίσίε,
991 4067 1091 4127 ohad.
1109 4072 1258 4140 aplaueuict's,
1271 4074 1318 4124 V¹.

191 4143 331 4209 spleneticu,
344 4138 423 4203 V2st.
445 4183 471 4191 -
491 4151 568 4207 atque,
584 4136 732 4195 evreux.
747 4144 805 4196 Om.
816 4138 846 4205 β.

227 4227 241 4288 6
257 4233 313 4279 135.
331 4224 424 4289 Neque,
440 4218 566 4278 Ovum.
584 4227 644 4291 Nec,
657 4223 707 4291 ιβ.
723 4269 755 4278 -
773 4226 850 4276 minor
861 4243 925 4290 usus,
940 4220 1086 4279 OVTadr.
1103 4243 1161 4277 rasus
1173 4225 1257 4290 minor,
1267 4220 1319 4291 βγ.

195 4338 225 4347 ..
242 4302 371 4344 causatur
382 4310 399 4341 o
411 4294 510 4358 coquito,
522 4296 555 4347 V.
570 4337 601 4346 -
619 4304 643 4344 at
653 4295 757 4358 araucas,
770 4295 887 4347 Dioscor.
903 4302 924 4357 1,
940 4300 995 4345 180.
1012 4335 1044 4346 ..
1059 4294 1162 4359 pituitas
1175 4294 1320 4359 meumque,
