2918 4800
143 244 207 307 444
498 258 702 306 nnruannrs
724 257 920 306 merosum

143 412 291 477 Utuntur
311 422 345 476 et
366 432 464 477 caeno
484 410 621 476 fontium
636 411 778 497 ipsorum
792 409 924 485 utiliter,
947 407 1004 473 sed
1024 409 1070 473 ita
1093 409 1119 473 si
1141 408 1270 474 inlitum
1283 427 1312 497 ar

144 514 210 579 sole
231 513 398 578 inarescat.
434 511 503 578 Nec
525 533 600 576 vero
627 511 730 576 omnis
758 532 840 595 quae
864 509 927 575 sint
949 509 1071 574 calidae
1093 510 1268 575 medicatas

143 638 214 680 esse
242 614 447 692 credendum,
478 615 562 678 sicut
587 613 622 678 in
645 610 780 701 Segesta
804 608 943 689 Siciliae,
971 610 1098 689 Larisa,
1127 610 1268 690 Troade,

141 717 322 806 Magnesia,
345 714 446 794 Melo,
468 714 608 800 Lipara3
632 737 693 779 nec
708 713 834 779 decolor
850 713 975 799 species
990 712 1073 778 aeris
1088 714 1268 802 argentive,

142 828 176 880 ut
192 816 283 881 multi
298 818 542 895 existumavere,
558 815 806 881 medicaminum
821 825 1048 900 argumentum
1064 824 1125 892 est,
1139 815 1269 899 quando

142 918 222 982 nihil
244 942 355 984 eorum
382 918 415 981 iu
437 917 604 983 Patavinis
632 915 786 995 fontibus,
816 938 856 980 ne
885 915 992 981 odoris
1021 915 1152 1000 quidem
1174 916 1268 982 diffe-

141 1021 245 1085 rentia
266 1020 373 1105 aliqua
395 1018 655 1105 deprehenditur.

184 1121 235 1186 33.
258 1121 414 1187 Medendi
436 1121 551 1185 modus
572 1120 658 1184 idem
681 1131 713 1184 et
733 1120 766 1184 in
789 1118 920 1184 marinis
943 1119 1003 1184 erit
1018 1140 1101 1203 quae
1117 1119 1267 1184 calefiunt
1282 1134 1315 1178 aa

142 1223 184 1286 ad
206 1245 376 1288 nervorum
398 1223 534 1299 dolores,
558 1221 781 1286 feruminanda
802 1243 822 1285 a
842 1220 992 1286 fracturis
1008 1243 1083 1286 ossa
1098 1223 1267 1297 contunsa,

142 1324 219 1389 item
235 1347 370 1410 corpora
384 1324 426 1388 ad
441 1322 600 1401 siccanda,
623 1344 688 1407 qua
708 1322 749 1386 de
772 1344 870 1387 causa
891 1334 923 1386 et
941 1320 1061 1410 irigido
1074 1322 1155 1387 mari
1169 1331 1268 1386 utun-

144 1437 207 1490 tur.
228 1425 401 1490 Praeterea
422 1436 471 1491 est
492 1425 573 1489 alius
588 1447 667 1489 usus
682 1424 860 1510 multiplex,
882 1423 1068 1509 principalis
1083 1421 1160 1489 ve'ro
1175 1424 1267 1489 navi·

142 1527 241 1614 gandi
256 1526 377 1614 phthisi
397 1527 542 1604 adfectis
565 1537 602 1591 ut
623 1525 773 1602 diximus,
796 1537 851 1591 aut
867 1524 1025 1612 sanguine
1039 1534 1161 1612 egesto,
1186 1524 1270 1590 sicut

142 1651 298 1715 proxume
321 1629 492 1692 Annaeum
516 1625 698 1693 Gallionem
725 1627 840 1693 fecisse
869 1637 943 1711 post
971 1626 1172 1690 consulatum
1201 1648 1269 1690 me-

142 1728 312 1809 minimus;
335 1753 440 1815 neque
462 1731 547 1794 enim
568 1730 742 1815 Aegyptus
763 1739 895 1815 propter
918 1749 951 1792 se
971 1728 1092 1813 petitur
1113 1727 1171 1793 sed
1192 1748 1268 1812 pro-
1283 1743 1314 1789 aa

143 1842 213 1915 pter
244 1831 513 1920 longinquitatem
545 1831 728 1918 navigandi.
767 1827 857 1912 Quin
890 1841 922 1894 et
954 1828 1145 1893 vomitiones
1178 1828 1269 1915 ipsae

143 1929 285 1995 instabili
308 1932 503 1999 volutatione
526 1943 691 1997 conmotae
713 1929 871 2014 plurumis
892 1929 1014 1995 morbis
1037 1929 1162 2014 capitis,
1191 1953 1269 1995 ocu-

144 2031 258 2111 lorum,
286 2034 426 2119 pectoris
447 2032 616 2098 medentur
637 2031 849 2116 omnibusque
869 2041 1002 2118 propter
1022 2053 1104 2115 quae
1125 2030 1269 2097 hellebo-

144 2156 217 2198 rum
238 2131 368 2200 bibitur.
391 2135 520 2218 Aquam
542 2156 621 2200 vero
642 2133 739 2198 maris
761 2154 818 2218 per
842 2155 912 2197 sese
927 2131 1135 2198 efficaciorem
1158 2132 1267 2197 discu-

146 2234 263 2301 tiendis
286 2235 463 2301 tumoribus
485 2243 600 2322 putant
620 2234 748 2312 medici,
772 2235 799 2299 si
819 2234 874 2300 illa
888 2235 1084 2317 decoquatur
1097 2233 1268 2299 hordeacia

144 2333 246 2399 farina
268 2336 309 2400 ad
330 2335 494 2422 parotidas
501 2360 509 2412 ;
533 2335 714 2421 emplastris
736 2336 843 2413 etiam,
865 2357 1013 2399 maxume
1035 2334 1127 2413 albis,
1151 2345 1184 2399 et
1198 2358 1267 2399 ma-

143 2434 291 2523 lagmatis
324 2438 474 2516 miscent;
508 2437 640 2522 prodest
672 2447 704 2501 et
734 2436 842 2501 inlusa
874 2435 987 2502 crebro
1016 2435 1093 2500 ictu.
1137 2433 1268 2499 Bibitur
1281 2452 1313 2496 ss

145 2557 273 2619 quoque
294 2539 440 2620 quamvis
463 2560 527 2602 non
551 2537 619 2603 'sine
641 2537 758 2602 iniuria
779 2535 934 2602 stomachi
954 2536 996 2600 ad
1010 2535 1181 2621 purganda
1195 2558 1267 2600 cor-

145 2657 226 2721 pora
247 2636 406 2723 bilemque
428 2649 530 2702 atram
558 2649 614 2702 aut
628 2684 629 2688 ,
642 2638 832 2726 sanguinem
862 2647 1045 2703 concretum
1066 2637 1267 2702 reddendum

146 2738 299 2803 alterutra
319 2751 420 2824 parte.
459 2738 599 2820 Quidam
622 2751 654 2805 et
674 2741 708 2804 in
729 2739 895 2824 quartanis
917 2738 1036 2804 dedere
1058 2760 1130 2804 eam
1151 2736 1267 2804 biben-

181 2947 195 3008 §
209 2951 248 2995 61.
267 2959 330 3007 cerro,
343 2947 376 2996 V.
390 2989 420 2996 -
439 2946 470 3008 sl,
482 2947 583 2998 VRid.
601 2947 639 3009 sit,
651 2948 695 2998 R'.
710 2989 739 2997 ..
759 2947 792 3008 in,
804 2950 852 2999 3².
866 2947 954 2998 omitt.
967 2946 1092 2997 VR¹Ta
1107 2987 1138 2995 ..
1157 2945 1267 3010 Seqeata,

146 3011 213 3062 Pint.
230 3013 309 3064 VR2.
337 3014 444 3079 Sequens,
460 3016 504 3066 Bt
531 3014 627 3079 Seqeta,
645 3016 697 3065 Τά.
724 3014 830 3080 qurta,
846 3015 952 3065 Barbas.
967 3011 997 3077 β.
1017 3055 1048 3064 ..
1072 3011 1168 3075 Sicilia,
1185 3015 1216 3064 Τ.
1235 3055 1266 3064 ..

148 3077 207 3129 laris
222 3080 356 3144 Atroadae,
368 3084 401 3134 V.
421 3124 453 3132 ..
471 3082 641 3142 existimavere,
654 3084 677 3132 d.
700 3082 844 3144 mammaea,
856 3083 933 3132 VR'.
955 3081 1154 3143 eaistimauerunt,
1167 3081 1216 3130 32.
1235 3122 1266 3130 -

147 3147 309 3209 Patinavinis,
320 3151 353 3200 V.
373 3192 404 3200 -
424 3148 614 3213 deprehendetur,
627 3152 671 3202 3¹.
690 3148 928 3213 depraehenderetur,
938 3150 1040 3199 VR²d

182 3214 250 3275 §62
275 3215 343 3279 idem,
358 3218 412 3268 Rc.
435 3216 463 3266 id
477 3225 519 3277 est,
529 3219 563 3268 V.
583 3259 614 3268 ..
629 3215 807 3280 feruminanda
821 3216 976 3281 asracturir,
993 3219 1031 3266 ita
1047 3231 1094 3267 nos
1112 3216 1266 3279 scripsimus.

140 3283 307 3346 ferruminata
323 3301 339 3332 a
346 3285 476 3348 fracturis,
488 3287 602 3336 VRTd.
621 3285 813 3347 ferruminanois
820 3283 954 3349 fracturis,
971 3281 1044 3350 δρφ.
1062 3282 1231 3346 ferruminunt
1246 3291 1269 3330 et

140 3347 311 3414 sructuraqfl
316 3352 657 3415 ferruminandasfracturus‚
664 3353 804 3417 Gronovq.
813 3351 980 3417 ferruminant
991 3360 1013 3400 et
1016 3353 1105 3414 fracta
1116 3349 1192 3399 cruris
1204 3366 1267 3410 ossa,

148 3418 216 3468 Pint.
240 3459 271 3468 ..
298 3436 364 3480 ossa,
382 3418 565 3484 VRTddpqo.
592 3436 698 3484 ossaque,
714 3417 765 3484 βγ.
789 3462 820 3469 -
846 3417 1001 3481 adamando,
1019 3415 1167 3483 vluopq.
1193 3417 1267 3466 assm-

149 3483 236 3546 candu,
249 3487 301 3538 Td.
327 3485 450 3548 arcenda,
461 3490 532 3551 R27.
555 3488 652 3549 siccant,
670 3491 743 3538 codd.
756 3488 812 3540 Gel.
825 3483 854 3549 β.
878 3486 1011 3547 assicamlm
1027 3487 1094 3537 Pint.
1113 3527 1144 3536 ..
1168 3482 1268 3549 adfecti,

149 3553 233 3604 VRd.
247 3593 278 3602 -
296 3551 398 3603 dicimus
410 3560 450 3615 24,
464 3561 505 3606 28.
523 3562 564 3616 28,
578 3561 618 3606 54.
636 3595 661 3604 ..
681 3555 796 3620 sanquine
807 3563 891 3620 equata,
903 3555 955 3605 Td.
972 3552 1111 3618 sanquinem
1123 3560 1207 3617 eqesto,
1218 3554 1268 3602 R².

148 3619 286 3684 sanquinem
298 3630 381 3686 eqeste,
391 3623 445 3672 VR
452 3626 465 3672 ¹.
481 3623 618 3686 sanquinem
631 3623 783 3687 eqerentibus,
792 3619 821 3685 β.
839 3621 977 3686 sanquinem
989 3620 1159 3680 excreantibus,
1170 3621 1225 3685 ΚΥ.
1236 3661 1268 3670 ..

150 3688 301 3750 meminimus,
315 3691 367 3739 Rd.
386 3704 458 3738 rneum
472 3690 535 3746 inim,
547 3692 580 3740 V.

184 3754 253 3815 §aa
280 3755 372 3820 Quippe
384 3766 406 3805 et
418 3757 558 3818 vomitiones,
574 3759 643 3808 Pint.
664 3799 694 3807 -
717 3758 830 3818 instabili,
846 3759 915 3808 Rau.
942 3755 1154 3818 sintabili‚VR'.
1174 3797 1205 3806 ..
1229 3773 1269 3805 vo·

151 3820 287 3886 luptatione,
298 3825 330 3875 R.
349 3864 380 3873 -
399 3824 538 3888 pectorisve,
550 3827 583 3875 Τ.
602 3867 632 3874 -
654 3842 699 3889 per
713 3842 770 3887 sese,
787 3819 846 3876 OV.
871 3841 957 3888 perse,
969 3821 1069 3888 Rdssr.
1088 3865 1119 3873 -
1142 3822 1269 3873 discutien-

151 3888 198 3950 dis,
214 3894 263 3942 Rs
290 3890 377 3941 ducati
390 3900 425 3941 est
440 3891 597 3954 disserendis,
610 3895 641 3942 V.
668 3892 821 3942 decutiendis
836 3891 955 3951 cavendis,
971 3893 1069 3943 Rle.
1088 3932 1119 3941 -
1137 3890 1161 3940 si
1174 3889 1268 3953 tuan,

150 3955 228 4018 stilla,
246 3960 279 4009 V.
306 3958 358 4021 illa,
375 3960 428 4010 Td.
456 3961 574 4012 Ceterum
592 3976 615 4011 v.
631 3962 748 4013 Dioscor.
766 3967 788 4022 5,
803 3967 842 4012 19.
861 4001 892 4010 ..
915 3959 1067 4023 decoquatur,
1083 3959 1153 4010 R2d.
1179 3956 1268 4022 dequo-

150 4032 245 4087 quatur,
257 4028 290 4076 V.
309 4027 454 4090 decoquitur,
469 4021 525 4078 θΤ.
544 4027 662 4092 decoqtur,
674 4031 718 4080 B'.
738 4069 767 4078 ,.
787 4036 810 4077 et
820 4027 855 4077 ad
862 4027 996 4091 parotidas,
1008 4029 1041 4078 Κ.
1062 4068 1091 4077 ..
1110 4025 1269 4087 malaematis,

151 4093 212 4142 VR.
230 4135 260 4143 ..
280 4096 373 4144 cerebro
384 4094 436 4156 icto,
449 4096 536 4146 Delec.

185 4158 199 4220 5
213 4165 252 4211 64.
271 4178 371 4226 corpora
383 4162 502 4226 bilemque,
515 4166 568 4214 Rd.
587 4163 783 4227 corporalemque,
796 4165 829 4213 V.
844 4205 876 4214 ..
894 4171 917 4211 et
928 4163 961 4222 in,
977 4157 1134 4214 0VB²Td
1153 4169 1183 4223 et,
1195 4157 1268 4223 1³¹ss-

151 4269 180 4277 -
201 4228 399 4293 articulariisque,
412 4231 510 4282 VR'd.
534 4230 754 4295 articularibusque,
767 4226 863 4295 Βῖβγ.
883 4273 913 4281 -
933 4231 957 4280 in
969 4230 1019 4293 hoc,
1032 4231 1122 4282 VRT.
1147 4228 1269 4290 etinhoc,
