2918 4800
449 325 519 372 nm.
537 325 623 373 xxv,
653 323 730 373 car.
747 325 784 371 11.
814 323 912 372 sacr.
928 327 946 369 s.
960 326 979 368 c.
1207 309 1268 374 109

145 479 186 544 ad
210 479 308 543 vitam
329 475 490 552 hominem
513 476 618 541 tradit.
651 475 744 542 Dixit
766 475 981 554 Democritus,
1003 475 1138 542 credidit
1159 475 1267 542 Theo·

144 580 296 668 phrastus
319 600 389 644 esse
410 576 543 643 herbam
564 578 656 642 cuius
684 588 833 643 contactu
860 577 978 642 inlatae
1006 577 1046 641 ab
1074 577 1148 643 alite
1171 598 1268 662 quam

144 682 312 748 retulimus
334 679 479 746 exsiliret
500 700 621 744 cuneus
642 702 661 743 a
682 679 867 764 pastoribus
888 678 995 744 arbori
1017 679 1161 757 adactus,
1185 699 1268 762 quae

145 782 272 849 etiamsi
293 782 358 848 fide
380 789 499 859 carent,
528 780 771 846 admirationem
799 790 907 845 tamen
934 780 1058 867 inplent
1085 790 1269 866 coguntque

146 884 290 951 confiteri
311 883 447 950 multum
469 903 541 948 esse
563 882 649 966 quod
671 905 748 948 vero
770 881 918 968 supersit.
941 880 1022 947 Inde
1044 892 1077 947 et
1097 881 1267 969 plerosque
1285 901 1315 944 rs

146 986 189 1050 ita
211 984 305 1051 video
328 984 521 1050 existumare
542 981 621 1048 nihil
648 1005 711 1049 non
737 982 910 1049 herbarum
931 983 964 1049 vi
986 982 1072 1049 effici
1093 1005 1189 1069 posse
1211 982 1269 1049 sed

146 1089 369 1174 plurumarum
394 1087 472 1154 viris
501 1108 571 1154 esse
599 1086 794 1174 incognitas,
823 1107 960 1170 quorum
986 1086 1020 1150 in
1049 1109 1182 1154 numero
1208 1088 1269 1152 fuit

148 1189 347 1276 Herophilus
373 1189 477 1255 clarus
504 1188 673 1266 medicina,
702 1210 722 1252 a
748 1210 812 1273 quo
839 1187 945 1253 ferunt
974 1186 1094 1253 dictum
1114 1189 1269 1274 quasdam

145 1292 292 1356 fortassis
319 1290 415 1355 etiam
445 1289 578 1355 calcatas
605 1289 775 1375 prodesse3
804 1289 1010 1354 observatum
1038 1300 1125 1355 certe
1147 1302 1197 1356 est
1218 1293 1268 1356 in-

146 1392 303 1458 flammari
323 1391 455 1457 volnera
476 1414 513 1456 ac
533 1391 663 1457 morbos
691 1399 886 1476 superventu
915 1413 1026 1456 eorum
1053 1391 1108 1477 qui
1129 1393 1269 1480 pedibus

144 1492 206 1558 iter
228 1493 440 1560 confecerunt

150 1669 153 1676 ¹
189 1596 219 1658 6.
242 1593 335 1660 Haec
357 1603 427 1659 erat
449 1593 579 1677 antiqua
593 1593 753 1659 medicina
767 1614 848 1679 quae
862 1603 928 1659 tota
941 1593 1101 1682 migrabat
1114 1595 1149 1659 in
1164 1593 1267 1662 Grue-
1284 1610 1315 1655 rs

146 1696 213 1761 ciae
229 1695 371 1780 linguas3
394 1695 451 1759 sed
466 1716 565 1778 quare
579 1718 643 1761 non
658 1696 768 1783 plures
782 1706 965 1774 noscantur,
988 1718 1086 1763 causa
1101 1708 1160 1774 est,
1181 1698 1269 1782 quod

145 1819 198 1860 cas
225 1806 370 1883 agrestes
396 1794 636 1879 litterarumque
665 1796 769 1883 ignari
799 1796 1025 1883 experiuntur,
1059 1807 1095 1860 ut
1121 1798 1178 1882 qui
1207 1798 1267 1864 soli

145 1896 231 1962 inter
249 1894 320 1961 illas
341 1895 461 1973 vivant,
483 1908 647 1982 praeterea
669 1898 823 1963 securitas
840 1898 1026 1982 quaerendi,
1049 1898 1144 1963 obvia
1165 1898 1268 1965 medi·

146 2019 257 2063 corum
277 1996 380 2062 turba.
402 1997 517 2063 Multis
539 1997 636 2062 etiam
657 1999 797 2065 inventis
819 1999 937 2064 desunt
956 2000 1095 2077 nomina,
1118 1999 1201 2065 sicut
1222 2000 1268 2068 illi

145 2121 241 2182 quarn
261 2098 428 2164 retulimus
447 2100 481 2163 in
503 2101 632 2186 frugum
653 2121 730 2165 cura
758 2100 939 2184 scimusque
967 2100 1124 2166 defossam
1149 2103 1183 2166 in
1210 2124 1268 2166 an-

144 2199 230 2287 gulis
252 2201 372 2288 segetis
393 2211 556 2286 praestaro
578 2224 617 2265 ne
640 2223 705 2285 qua
726 2203 793 2267 ales
814 2201 920 2267 intret.
943 2201 1146 2287 Turpissima
1168 2225 1267 2268 causa

144 2301 295 2379 raritatis,
317 2301 404 2384 quod
426 2301 520 2365 etiam
540 2301 594 2384 qui
610 2301 714 2367 sciunt
730 2302 947 2369 demonstrare
961 2303 1083 2381 nolunt,
1105 2314 1268 2388 tamquam

145 2401 225 2487 ipsis
246 2401 426 2487 periturum
447 2401 490 2468 sit
512 2401 599 2485 quod
620 2403 811 2468 tradiderint
838 2401 919 2469 aliis.
955 2404 1092 2470 Accedit
1113 2405 1193 2469 ratio
1215 2405 1266 2470 in·

145 2503 305 2568 ventionis
327 2525 459 2588 anceps3
489 2502 609 2589 quippe
631 2504 725 2569 etiam
747 2505 782 2568 in
804 2505 941 2590 repertis
963 2505 1042 2570 alias
1070 2505 1192 2571 invenit
1213 2529 1267 2571 ca·

145 2626 210 2680 sus,
232 2603 322 2682 alias,
345 2616 382 2669 ut
402 2627 478 2670 vere
500 2603 647 2682 dixerim,
670 2605 760 2670 deus.
782 2605 964 2671 Insanabile
986 2605 1028 2670 ad
1048 2606 1144 2674 hosce
1166 2619 1313 2674 annos1⁷

144 2704 205 2768 fuit
226 2704 330 2769 rabidi
353 2705 440 2770 canis
462 2727 586 2770 morsus
608 2727 760 2790 pavorem
781 2728 883 2793 aquae
900 2718 1060 2792 potusque
1082 2709 1187 2775 omnis
1209 2709 1268 2774 ad·

143 2805 250 2870 ferens
270 2805 388 2870 odium.
421 2805 535 2891 Nuper
555 2806 723 2872 cuiusdam
744 2808 909 2874 militantis
930 2808 964 2873 in
985 2811 1145 2894 praetorio
1165 2821 1268 2876 mater

144 2905 226 2970 vidit
247 2906 281 2970 in
303 2907 408 2990 quiete
431 2917 468 2972 ut
488 2907 637 2972 radicem
651 2908 807 2974 silvestris
828 2930 921 2974 rosae
943 2931 1040 2995 quam
1065 2913 1267 2996 cynorrodon

144 3076 242 3209 effla).
256 3119 287 3128 -
299 3078 346 3209 gd,
359 3096 410 3132 om.
423 3097 445 3132 a.
461 3123 491 3131 ..
510 3088 594 3142 ottcut,
606 3081 704 3133 Sessar.
719 3123 749 3132 ..
768 3081 942 3145 adfirmaverit,
956 3076 1066 3134 OVTd.
1084 3081 1230 3147 adfirmauit,
1243 3101 1265 3136 a

144 3161 161 3192 o
191 3154 286 3208 rmoret,
322 3184 328 3196 .

178 3215 246 3276 §14¹
274 3213 384 3278 tradidit,
405 3209 508 3266 Ovad.
536 3212 617 3277 tradit,
634 3211 685 3279 βγ.
709 3256 740 3265 -
767 3215 900 3278 herbarum,
917 3217 974 3266 Vd.
998 3257 1028 3266 -
1056 3215 1148 3278 callim,
1166 3219 1202 3268 ita
1218 3233 1266 3268 nos

145 3281 290 3344 scripsimus
308 3297 341 3332 ex
353 3283 465 3347 Etymol.
478 3283 514 3332 M.
551 3319 556 3332 .
571 3288 628 3344 186,
640 3288 681 3333 st.
698 3291 723 3333 et
734 3283 847 3334 Arcadio
863 3300 888 3347 p.
901 3288 942 3343 30,
958 3289 996 3334 14.
1023 3281 1102 3346 balim,
1115 3301 1130 3334 a
1142 3282 1266 3347 (Sessar.)

145 3347 200 3407 buli,
213 3350 246 3399 V.
277 3348 400 3411 bnlum‚d.
430 3348 502 3410 halin,
519 3299 570 3414 db.
590 3390 620 3399 ..
648 3348 834 3414 Tybneru,Vd.
868 3347 1003 3415 stylorum,
1020 3346 1091 3415 αβγ.
1118 3353 1168 3402 Per
1186 3345 1265 3402 Tne·

144 3411 298 3533 dialis?
307 3420 518 3535 slttt‘fltht
531 3416 1267 3548 ittttttlpttlltltitt?&attulit

144 3547 199 3613 uipl.
218 3549 301 3601 sacta
317 3551 442 3602 Gesellrcb.
461 3550 484 3602 d.
501 3549 639 3604 Wisseuselt.
658 3556 731 3601 1851.
747 3567 772 3616 p.
787 3557 843 3603 133.
863 3593 893 3602 ..
921 3568 996 3615 quem,
1009 3554 1064 3605 Vd.
1093 3570 1172 3618 quom,
1190 3569 1213 3603 a.
1233 3595 1265 3604 ..

144 3632 222 3678 quom,
234 3619 268 3668 V.
296 3634 352 3682 qua,
365 3622 388 3669 d.
415 3619 464 3684 qui,
476 3636 499 3670 a.
520 3660 550 3669 ..
572 3618 694 3669 retulimus
707 3625 747 3680 10,
761 3625 801 3669 40.
820 3660 850 3669 -
874 3618 976 3684 exiliret,
988 3622 1021 3673 V.
1041 3662 1071 3672 ..
1090 3620 1265 3681 suatava.

144 3724 174 3732 -
194 3683 264 3733 etium
276 3685 366 3750 itfides',
378 3690 412 3737 V.
430 3729 461 3738 -
481 3703 536 3737 esse.
558 3684 628 3745 Quod
638 3703 692 3736 uero
703 3684 812 3749 supersit,
824 3685 886 3747 iude,
898 3688 930 3738 Κ.

177 3754 246 3816 §lta
263 3750 325 3802 Iade
337 3761 366 3816 et,
382 3748 511 3806 evasa.
529 3752 597 3817 Inde,
609 3749 638 3817 β.
658 3794 690 3804 ..
708 3753 761 3815 vua,
774 3772 797 3803 a
816 3795 847 3805 ...
865 3753 1006 3819 Eroplu'lus,
1020 3756 1051 3806 V.
1065 3796 1094 3805 -
1115 3772 1131 3804 u
1143 3772 1196 3821 quo,
1208 3757 1263 3809 Vd.

142 3817 169 3935 qq
180 3833 268 3935 qupa
288 3860 319 3869 ..
343 3819 506 3884 cohatu,V¹.
527 3863 556 3871 -
580 3837 703 3883 eorum,s.
723 3862 753 3870 ..
776 3822 931 3886 cory‘ecerunt,
943 3824 976 3873 V.
1004 3821 1152 3889 coruscatas,
1169 3820 1263 3890 adssr.

170 3902 205 3935 ,ἢ
235 3892 267 3936 32
290 3892 330 3938 26.

177 3952 246 4014 §la
270 3923 335 4003 bunc
350 3970 403 4015 oca,
420 3971 438 4004 r.
458 3997 488 4006 ..
507 3971 582 4005 causa
598 3963 639 4016 cst,
657 3958 729 4006 codd.
743 3955 799 4007 Gal.
826 3972 914 4006 causae
928 3957 1045 4019 si,Vsd.
1067 3999 1099 4009 ..
1126 3958 1195 4023 quod,
1208 3960 1262 4011 Vs.

143 4019 281 4084 quidamd.
302 4064 333 4071 ..
357 4020 456 4083 obesum,
467 4022 501 4072 V.
519 4063 550 4073 -
575 4020 859 4086 ὀοειιητηοτηίηῌαᾱ.
886 4024 981 4077 nomino
997 4022 1087 4089 desunt,
1102 4022 1152 4092 βγ.
1172 4068 1203 4078 -
1225 4043 1262 4077 re·

145 4087 237 4138 tulimus
256 4096 295 4152 ts,
311 4094 367 4140 160.
387 4130 417 4139 ..
442 4087 599 4152 sequanica,
612 4105 635 4139 a.
658 4089 777 4152 aequales,
791 4091 822 4140 V.
845 4089 971 4154 aequalis,
984 4095 1008 4143 d.
1026 4134 1058 4145 ..
1082 4093 1210 4158 inaucta
1229 4135 1262 4146 .-

143 4155 308 4219 raritaan.
328 4198 359 4207 ..
384 4154 575 4217 tradideruuta.
595 4191 626 4206 a.
649 4155 763 4218 Accedat,
776 4174 799 4208 s.
819 4199 849 4206 -
873 4175 949 4222 casus,
962 4161 1006 4211 ad.
1029 4177 1123 4225 cousus,
1134 4164 1168 4213 V.
1188 4203 1218 4213 ..
1237 4170 1264 4212 ut

144 4238 204 4283 uere,
216 4240 239 4273 a
257 4225 340 4285 uiuere,
351 4226 407 4275 Vd.

178 4293 244 4354 §lt
263 4289 409 4354 huauubs'le,
423 4285 555 4343 evasa
573 4286 766 4355 Iumuobdiass.
785 4333 817 4345 ..
836 4308 902 4357 auos,
914 4294 949 4346 V.
