2918 4800
211 273 274 337 400
565 290 769 336 usruanrns
791 289 986 336 ursromnn

212 452 363 507 evocatus
384 440 478 505 inlitu
499 441 633 527 repellit.
656 440 788 506 Attritis
810 441 958 506 medetur
980 441 1060 506 cinis
1082 442 1182 508 muris
1198 443 1336 509 silvatici
1350 457 1382 506 7ο

211 567 284 610 cum
306 542 408 615 melle.
430 541 474 608 fel
495 541 656 608 herinacei
672 565 745 607 cum
762 543 998 629 vespertilionis
1014 544 1144 610 cerebro
1167 555 1199 609 et
1220 545 1336 610 canino

210 648 308 724 lacte,
338 644 431 731 adips
460 645 629 710 anserinus
662 668 735 710 cum
764 644 895 711 cerebro
923 656 955 710 et
982 646 1120 710 alumine
1147 657 1180 712 et
1201 670 1336 734 oesypo,

210 749 319 813 fimum
349 745 565 811 columbinum
594 769 667 811 cum
693 745 803 824 melle,
832 746 1062 832 condylomatis
1089 748 1240 835 privatim
1262 773 1336 815 ara-

210 873 289 916 neus
312 849 441 935 dempto
463 850 568 935 capite
583 849 785 935 pedibusque
800 848 979 914 infricatus.
1002 849 1052 915 Ne
1067 851 1155 915 acria
1169 863 1335 938 perurant,

210 954 302 1039 adips
332 951 500 1017 anserinus
522 974 595 1015 cum
622 973 694 1016 cera
715 950 856 1029 Punica,
886 974 1030 1031 cerussa,
1061 975 1211 1031 rosaceo,
1240 954 1335 1041 adips

211 1055 307 1142 cygni
314 1079 322 1130 ;
344 1055 424 1118 haec
445 1064 477 1117 et
499 1051 736 1117 haemorroidas
758 1075 872 1118 sanare
887 1053 1046 1118 dicuntur.
1071 1052 1261 1120 Ischiadicis
1277 1078 1333 1121 oo·
1350 1067 1380 1115 77

211 1158 295 1223 cleas
317 1155 432 1219 crudas
455 1154 545 1219 tritas
568 1177 642 1218 cum
662 1153 737 1220 vino
759 1153 898 1219 Amineo
926 1166 958 1218 et
986 1154 1099 1240 pipere
1126 1167 1205 1242 potu
1234 1156 1333 1243 prod-

213 1282 283 1325 esse
305 1258 430 1333 diount,
457 1256 609 1321 lacertam
635 1256 770 1321 viridem
793 1257 826 1320 in
855 1255 927 1321 cibo
956 1256 1071 1321 ablatis
1099 1257 1252 1344 pedibus,
1283 1258 1334 1323 in·

211 1357 365 1435 teraneis,
392 1357 514 1443 capite,
545 1357 591 1422 sic
617 1367 649 1421 et
679 1357 870 1435 stellionem,
900 1356 1032 1422 adiectis
1059 1357 1134 1423 huic
1161 1360 1334 1445 papaveris

210 1460 296 1546 nigri
323 1459 424 1525 obolis
454 1458 583 1536 tribus,¹
606 1457 711 1544 ruptis
745 1458 908 1524 convulsis
940 1458 983 1525 fel
1015 1459 1124 1551 ovium
1151 1484 1224 1527 curn
1252 1463 1335 1526 lacte

210 1561 389 1626 mulierum.
418 1559 642 1626 Verendorum
663 1559 974 1626 informicationibus
996 1561 1201 1645 verrucisque
1224 1562 1334 1626 mede·
1350 1578 1382 1625 ⁷2

211 1674 264 1727 tur
293 1661 417 1727 arietini
446 1661 605 1746 pulmonis
627 1662 762 1727 inassati
792 1662 907 1740 sanies,
935 1663 1051 1728 ceteris
1073 1662 1158 1727 vitiis
1180 1663 1334 1727 vellerum

210 1765 280 1830 eius
301 1764 352 1829 vel
375 1763 575 1829 sordidorum
598 1764 678 1829 cinis
701 1787 742 1829 ex
763 1786 858 1848 aqua,
882 1764 993 1829 sebum
1016 1787 1056 1830 ex
1081 1774 1208 1829 omento
1230 1787 1333 1851 pecu-

211 1866 261 1931 dis
284 1878 317 1930 et
337 1865 510 1951 praecipue
532 1887 552 1929 a
572 1864 705 1931 renibus
727 1865 871 1930 admixto
902 1865 1039 1951 pumicis
1069 1865 1174 1931 cinere
1201 1876 1234 1931 et
1256 1868 1332 1943 sale,

210 1967 284 2031 lana
312 1966 423 2031 sucida
450 1988 490 2031 ex
517 1988 601 2049 aqua
629 1966 766 2054 frigida,
797 1988 907 2031 carnes
933 1966 1068 2053 pecudis
1097 1967 1272 2033 conbustae
1292 1990 1334 2033 ex

212 2091 305 2152 aqua,
328 2068 433 2133 mulae
454 2067 648 2152 ungularum
670 2068 762 2145 cinis,
784 2068 891 2133 dentis
906 2068 1054 2133 caballini
1069 2068 1216 2134 contunsi
1230 2067 1334 2133 farina

211 2171 366 2255 inspersa,
396 2168 528 2233 testibus
558 2191 632 2234 vero
660 2168 765 2233 farina
787 2191 827 2234 ex
849 2169 976 2234 ossibus
998 2168 1104 2234 canini
1127 2170 1241 2256 capitis
1264 2169 1333 2234 sine

211 2295 306 2337 carne
336 2270 455 2346 tunsis3
490 2269 517 2334 si
545 2270 672 2336 decidat
699 2271 828 2335 testium
855 2271 950 2347 alter,
979 2293 1126 2356 spumam
1152 2270 1331 2335 coclearum

210 2373 332 2437 inlitam
354 2372 387 2435 in
409 2370 548 2435 remedio
570 2394 640 2436 esse
662 2372 801 2436 tradunt.
824 2371 952 2438 Taetris
973 2372 1018 2437 ibi
1039 2371 1201 2438 ulceribus
1216 2383 1249 2436 et
1262 2395 1332 2434 rna-
1348 2387 1379 2433 73

210 2474 361 2538 nantibus
383 2471 577 2537 auxiliantur
600 2473 705 2537 canini
728 2474 842 2560 capitis
869 2484 1014 2539 recentes
1042 2473 1177 2551 cineres,
1207 2474 1332 2538 cocleae

211 2597 329 2661 parvae
350 2574 433 2638 latae
456 2573 610 2638 contritae
632 2596 672 2638 ex
699 2585 800 2653 aoeto,
828 2584 973 2640 senectus
1002 2575 1157 2660 anguium
1178 2596 1219 2639 ex
1240 2584 1332 2638 aceto

247 2780 356 2838 evocatas,
367 2780 423 2829 Vd.
444 2821 473 2829 ..
493 2779 562 2841 illitu,
575 2781 636 2830 RK.
655 2779 737 2842 inrita,
749 2781 781 2830 V.
799 2781 877 2844 irrita,
890 2782 943 2831 Td.
961 2780 1033 2843 illita,
1046 2782 1119 2832 codd.
1131 2781 1246 2841 Barbari,
1258 2775 1288 2842 β.
1299 2822 1331 2830 ..

212 2847 312 2912 repellit,
328 2842 495 2898 OVRTKu.
514 2846 616 2910 depellit,
628 2842 656 2908 β.

246 2919 313 2980 §70.
324 2914 372 2978 fel,
389 2909 527 2966 OVRTd.
545 2914 589 2976 vel,
601 2916 675 2965 codd.
689 2915 746 2967 Gel.
757 2911 786 2977 β.
807 2957 836 2965 ..
855 2915 966 2977 irenacei,
977 2917 1034 2966 Ro.
1053 2957 1082 2966 -
1108 2916 1201 2965 cerebro
1211 2924 1235 2963 et
1245 2915 1332 2966 caniac

213 3049 272 3097 berte
281 3047 355 3112 adeps
363 3007 502 3116 illiceretur,
511 3049 559 3099 R'2.
577 3057 600 3098 et
611 3049 741 3113 anseisus,
755 3044 885 3114 OVTdr.
903 3051 974 3101 Nihil
986 3053 1078 3103 horum
1091 3053 1186 3101 habent
1196 3051 1231 3099 R'
1243 3048 1331 3112 (codd.

213 3115 283 3178 Gel.)
294 3112 322 3178 β.
340 3115 471 3164 Amerinus
487 3115 561 3180 adeps
571 3118 708 3183 legendum
719 3133 774 3170 esse
786 3121 837 3169 ism
848 3119 945 3169 viderat
957 3119 1060 3171 Gesner.
1072 3120 1132 3170 hist.
1145 3120 1222 3169 anim.
1235 3125 1258 3178 3,
1274 3124 1331 3168 152.

213 3185 270 3234 coll.
286 3184 399 3234 Marcell.
418 3187 505 3248 empir.
522 3191 562 3235 31.
584 3203 608 3250 p.
625 3193 687 3236 222:
715 3189 809 3251 „adeps
831 3188 963 3239 anserinus
984 3202 1042 3236 cum
1059 3189 1170 3237 eiusdem
1187 3187 1288 3236 cerebro
1306 3194 1332 3235 et

213 3267 308 3366 ‹besypo
329 3261 354 3301 et
373 3253 485 3301 alumine
506 3254 630 3315 subigitur
650 3264 675 3303 et
695 3256 832 3318 imponitur
847 3255 962 3304 omnibus
979 3255 1086 3304 causis.'’
1109 3295 1140 3303 ..
1163 3270 1213 3302 cam
1230 3254 1331 3314 cerebro,

212 3320 354 3451 dybriio'ltid'
360 3321 637 3451 ᾶοονεὶξινὲᾗῖξῗηὶἶιωῖἓῗ
642 3316 899 3453 1eccas-dpleotsrrroriidirii’llr
903 3323 956 3438 R—d
963 3324 1153 3454 debiridcirbid,
1163 3322 1332 3439 (lleidilecrisio

213 3453 311 3517 capsite,
328 3455 362 3504 V.
386 3462 434 3502 tota
448 3453 525 3518 pride,
542 3457 587 3506 R'.
611 3497 641 3505 -
663 3456 941 3520 infricatus,VRTdr.
960 3456 1095 3521 infricatur,
1107 3452 1136 3517 β.
1156 3496 1186 3506 ..
1205 3455 1283 3521 aprio,
1296 3457 1330 3505 V.

213 3563 244 3572 ..
252 3521 317 3582 laec,
330 3524 353 3600 d..
366 3521 417 3638 xlp‘c,
433 3523 534 3573 VR...
545 3521 729 3585 haemorroidas,
735 3525 766 3574 R.
780 3522 923 3586 humeridus,
935 3527 959 3575 d.
974 3525 1063 3588 pipere.
1081 3523 1117 3572 Et
1128 3521 1284 3584 bomoroidas,
1295 3523 1330 3572 V.

212 3631 243 3639 -
262 3605 347 3638 sonare
394 3626 399 3639 .

246 3659 261 3720 s
280 3658 318 3707 τι.
346 3626 471 3716 baares,
489 3657 520 3706 a.
541 3699 570 3707 -
595 3657 718 3718 Ameana,
734 3660 796 3709 va.
816 3701 846 3709 -
871 3667 894 3707 a
906 3659 996 3723 papas,
1013 3660 1081 3710 au.
1100 3659 1188 3711 cmm.
1201 3660 1279 3709 vas
1298 3699 1329 3708 -

212 3722 327 3784 dicantur,
340 3726 402 3774 VR.
422 3764 453 3773 -
470 3725 546 3778 sicet.
558 3726 620 3776 VR.
638 3725 680 3786 sic,
693 3731 716 3777 d.
736 3768 766 3775 ..
777 3725 825 3789 sel,
837 3729 906 3778 R2d.
919 3725 988 3792 selle,
1000 3728 1075 3777 VR1.

246 3794 320 3855 §72
350 3791 589 3855 insormicatioaibus,
614 3795 650 3844 ita
670 3809 717 3844 nos
738 3795 881 3857 scripsimus
902 3795 962 3844 coll.
984 3801 1024 3855 28,
1047 3798 1086 3846 71.
1113 3792 1330 3858 formicationibus,

212 3855 342 3923 Vssdstv.
360 3861 474 3910 Litterae
486 3859 511 3909 in
522 3861 547 3910 h.
557 3862 574 3910 1.
587 3877 632 3924 per
643 3877 665 3908 m
677 3863 809 3924 proximae
821 3863 890 3912 vocis
901 3865 1043 3927 absorptae.
1059 3904 1087 3912 ..
1104 3859 1261 3917 sordidarum,
1274 3862 1329 3911 Vd.

214 3968 244 4005 ·.·
264 3936 366 4006 amento,¹
375 3928 408 3976 V
428 3969 459 3976 -
483 3935 506 3975 et
514 3929 650 4007 praecipue,
662 3929 696 3978 V.
720 3925 967 3995 praecipuaRdfly.
987 3970 1018 3979 ..
1039 3929 1330 3993 praescissemus.

213 3990 1331 4129 tt‘tt{tlittiatmlttsK-...tllitlhtttttttttslattt

214 4143 264 4178 om.
281 4129 330 4178 Re
350 4171 379 4180 ,
399 4131 455 4189 sios,
472 4132 533 4180 VR.
555 4132 608 4192 siat,
626 4134 650 4181 d.
668 4174 699 4183 ..
719 4133 892 4196 carnetensis,
910 4149 958 4197 pro
975 4134 1015 4183 his
1031 4149 1071 4183 vv.
1088 4134 1165 4183 habet
1180 4130 1285 4181 caretasi
1296 4133 1330 4194 V,

213 4211 285 4244 carne
302 4198 370 4246 tuearis
386 4199 434 4257 Rs,
454 4215 524 4247 carne
539 4200 664 4249 carrenses
675 4202 720 4262 3¹,
739 4216 810 4250 carne
825 4217 881 4249 core
893 4201 950 4250 meis
960 4204 984 4251 d.
1004 4243 1035 4251 ..
1057 4201 1082 4250 in
1093 4198 1202 4261 remedio,
1214 4201 1269 4249 Vd.
1292 4215 1330 4247 re-

213 4262 295 4325 medio,
307 4259 358 4325 Ββ
364 4280 389 4329 γ.
