2918 4800
198 273 260 335 342
549 284 752 330 snrusnms
775 285 969 330 rnsroruns

199 439 269 503 sani
289 438 439 524 patimur,
462 438 612 512 luctatus,
635 451 796 502 ceromata
817 460 875 501 ceu
897 436 1089 501 valetudinis
1112 459 1210 500 causa
1224 437 1320 501 insti-

199 550 277 617 tuta,
300 539 445 605 balineae
466 539 615 602 ardentes
636 538 753 621 quibus
775 560 965 622 persuasere
980 538 1012 600 in
1029 537 1216 622 corporibus
1231 538 1320 603 cibos

198 642 309 724 coqui,
342 652 378 704 ut
406 663 499 705 nemo
529 661 593 703 non
622 640 726 704 minus
756 639 881 703 validus
903 639 1023 716 exiret,
1047 639 1320 704 oboedientissimi

198 765 274 808 vero
295 744 506 817 efferrentur3
536 752 632 825 potus
659 741 776 806 deinde
801 742 981 806 ieiunorum
1010 765 1048 805 ac
1075 741 1263 806 vomitiones
1286 751 1320 806 et
1335 761 1366 805 27

198 868 309 910 rursus
341 843 582 929 perpotationes
615 866 653 907 ac
689 844 826 928 pilorum
862 844 994 908 eviratio
1025 844 1174 907 instituta
1205 843 1320 907 resinis

198 971 318 1024 eorum,
340 948 482 1030 itemque
504 946 651 1031 pectines
672 946 706 1009 in
726 946 854 1010 feminis
875 946 1005 1030 quidem
1019 945 1185 1031 publicati.
1208 944 1258 1008 Ita
1272 957 1321 1008 est

198 1050 361 1136 profect03
390 1049 458 1113 lues
479 1070 614 1123 morum,
637 1070 696 1111 nec
719 1047 847 1112 aliunde
870 1047 970 1112 maior
992 1070 1088 1131 quam
1110 1070 1129 1110 a
1150 1045 1318 1122 medicina,

198 1163 304 1216 vatem
325 1173 459 1236 prorsus
482 1147 599 1214 cotidie
622 1149 702 1214 facit
718 1147 873 1214 Catonem
897 1162 929 1214 et
950 1149 1133 1214 oraculum=
1157 1148 1235 1213 satis
1250 1170 1321 1213 esse

198 1254 328 1341 ingenia
351 1251 549 1318 Graecorum
569 1251 744 1336 inspicere,
771 1276 834 1317 non
861 1251 1054 1338 perdiscere.
1084 1250 1175 1315 Haec
1201 1249 1367 1314 fuerintne

199 1355 335 1423 dicenda
366 1376 426 1438 pro
455 1365 567 1419 senatu
596 1354 650 1418 illo
678 1355 902 1437 sexcentisque
930 1355 1042 1439 populi
1064 1352 1201 1418 Romani
1229 1353 1322 1417 annis

200 1456 355 1521 adversus
378 1466 477 1519 artem
498 1455 532 1518 in
555 1477 619 1539 qua
640 1455 819 1520 conditione
840 1455 1086 1520 insidiosissima
1100 1455 1322 1519 auctoritatem

199 1557 348 1642 pessimis
369 1556 445 1621 boni
468 1557 598 1635 faciunt,
624 1557 719 1622 simul
741 1568 849 1622 contra
864 1557 1016 1621 attonitas
1031 1556 1232 1640 quorundam
1246 1579 1321 1641 per-

200 1658 365 1724 suasiones
388 1658 443 1741 qui
465 1660 618 1744 prodesse
640 1659 702 1723 nisi
724 1660 867 1744 pretiosa
881 1682 945 1723 non
960 1669 1085 1744 putant.
1107 1657 1220 1742 Neque
1236 1657 1322 1722 enim

201 1759 416 1825 dubitaverim
442 1760 559 1843 aliquis
588 1760 718 1824 fastidio
747 1761 855 1825 futura
876 1783 959 1844 quae
987 1761 1134 1824 dicentur
1155 1761 1321 1838 animalia3

200 1873 233 1926 at
254 1883 318 1925 non
340 1860 489 1948 Vergilio
511 1862 573 1926 fuit
594 1862 758 1927 nominare
787 1861 936 1927 formicas
963 1863 1051 1927 nulla
1077 1862 1270 1927 necessitate
1292 1871 1324 1926 et

201 1963 401 2029 curculiones
423 1964 658 2050 ac„lucifi1gis
679 1975 832 2052 congesta
854 1964 972 2030 cubilia
993 1963 1139 2041 blattis'',
1163 1987 1226 2029 non
1248 1962 1321 2029 Ho-

200 2087 288 2130 mero
309 2066 395 2131 inter
417 2068 539 2152 proelia
561 2067 694 2131 deorum
721 2066 947 2152 inprobitatem
976 2089 1105 2131 muscae
1126 2064 1323 2142 describere,

200 2190 265 2232 non
292 2177 424 2232 neutrae
452 2167 588 2254 gignere
615 2169 693 2246 ista,
728 2190 802 2232 cum
833 2168 946 2254 gignat
970 2167 1141 2232 hominem.
1181 2167 1323 2231 Proinde

203 2291 317 2334 causas
339 2269 475 2352 quisque
498 2279 530 2333 et
552 2269 695 2346 effectus,
718 2291 783 2333 non
805 2292 858 2334 res
880 2280 1047 2334 aestumat.

244 2373 274 2435 9.
304 2369 478 2435 Ordiemur
503 2383 610 2435 autem
631 2394 651 2434 a
664 2371 818 2436 confessis
840 2370 900 2434 hoc
920 2382 968 2434 est
988 2370 1070 2434 lanis
1092 2370 1225 2454 ovisque
1252 2369 1323 2433 obi·
1338 2384 1370 2429 ss

202 2484 251 2536 ter
272 2481 308 2535 ut
328 2472 425 2536 rebus
446 2473 630 2557 praecipuis
651 2472 754 2536 honos
776 2472 810 2535 in
832 2472 944 2557 primis
971 2471 1194 2557 perhibeatur3
1223 2491 1345 2553 quee-.

185 2572 277 2659 ¹dam
298 2572 393 2636 ctiam
417 2573 464 2638 sic
485 2573 598 2638 alienis
619 2574 714 2652 locis,
743 2585 850 2638 tamen
877 2572 983 2639 obiter
1011 2573 1075 2638 dici
1097 2593 1229 2639 necesse
1252 2571 1323 2634 erit.

201 2672 273 2738 Nec
294 2674 404 2738 deerat
425 2676 578 2739 materiae
599 2668 729 2761 pomp'a,
752 2676 780 2741 si
802 2676 974 2759 quicquam
995 2675 1083 2739 aliud
1104 2673 1221 2739 intueri
1241 2671 1324 2736 libe-

201 2786 252 2841 ret
273 2797 369 2858 quam
390 2776 486 2841 fidem
508 2777 624 2862 operis,
648 2777 768 2862 quippe
789 2777 874 2841 inter
895 2778 999 2862 prima
1019 2775 1156 2861 proditis
1172 2775 1268 2839 etiam
1284 2797 1325 2838 ex

203 2876 307 2942 cinere
327 2877 496 2963 phoenicis
518 2878 657 2961 nidoque
678 2878 856 2954 medicinis,
880 2901 940 2942 ceu
961 2877 1086 2943 veroid
1102 2887 1224 2941 certum
1240 2886 1325 2939 esset

205 2989 301 3062 atque
322 3001 388 3042 non
410 2977 592 3043 fabulosum
599 3003 608 3054 3
638 2978 776 3043 inridere
798 2991 848 3043 est
877 2979 960 3043 vitae
987 2978 1131 3044 remedia
1158 2988 1231 3062 post
1251 2976 1325 3040 mil·
1411 3008 1414 3015 ¹

202 3078 349 3145 lesimum
371 3102 489 3145 annum
510 3081 655 3145 reditura
683 3089 869 3145 monstrare.
907 3079 954 3145 H.
976 3080 1079 3144 Lanis
1106 3079 1322 3143 auctoritatem
1339 3094 1373 3138 co

236 3249 386 3311 valitudines,
402 3256 433 3304 R.
459 3294 490 3302 ..
513 3254 593 3317 coqui,
609 3255 641 3303 R.
664 3254 716 3316 qui,
735 3258 759 3304 d.
783 3254 877 3316 quibus,
889 3255 922 3303 V.
941 3294 973 3304 -
992 3270 1057 3313 nom,
1070 3254 1105 3304 V.
1124 3293 1155 3302 ..
1174 3248 1326 3301 oboedientes-

203 3316 264 3377 simi,
276 3318 309 3368 V.
327 3317 516 3381 obedientissimi,
528 3317 629 3384 Rdssr.
649 3361 680 3370 ..
699 3321 834 3384 efferentm,
846 3322 879 3371 V.

238 3403 253 3464 §
266 3406 306 3453 27.
324 3405 534 3468 superpetetiones,
545 3406 578 3455 K.
592 3447 623 3455 -
637 3405 730 3466 euirati,
742 3408 766 3455 d.
779 3447 809 3455 ..
822 3405 854 3466 in,
867 3406 937 3455 R²u
956 3421 992 3466 ne,
1006 3406 1109 3455 VR1T.
1123 3405 1181 3456 Om.
1193 3405 1226 3453 K.
1240 3443 1271 3451 ..
1280 3419 1328 3466 pu·

201 3467 296 3532 plicata,
307 3472 342 3519 V.
361 3513 392 3520 -
411 3471 465 3520 lsta
473 3473 580 3537 profecto
593 3472 648 3531 lues,
661 3474 693 3523 K.
713 3515 744 3522 -
762 3488 858 3534 morum,
870 3474 924 3523 Rd.
942 3489 1055 3532 marcum,
1067 3474 1113 3521 Vt
1132 3469 1327 3531 moralium‚V².

206 3576 237 3586 -
246 3552 288 3585 nee
299 3536 403 3600 aliunde,
415 3543 439 3590 d.
457 3556 485 3588 ne
497 3539 601 3602 aliunde,
611 3542 666 3590 VR
674 3545 691 3590 ².
704 3542 762 3593 Om.
774 3542 819 3590 Bt
832 3582 864 3590 ..
877 3557 901 3602 a,
914 3541 1027 3591 VRTd.
1040 3555 1060 3601 e,
1069 3536 1120 3604 βγ.
1131 3580 1163 3590 ..
1175 3537 1285 3598 aradum,
1295 3539 1327 3589 R.

239 3623 253 3684 §
266 3626 306 3671 28.
324 3623 485 3686 sescentisque,
498 3625 531 3674 V.
550 3666 580 3675 -
598 3625 705 3689 pretiosa
716 3642 769 3683 non,
781 3626 834 3677 Rd.
850 3625 946 3688 praecio
958 3641 1024 3685 seno,
1036 3626 1069 3674 V.
1087 3665 1118 3673 ..
1137 3621 1232 3686 aliquis,
1243 3622 1327 3672 VRd.

204 3686 333 3750 aliquibus,
345 3686 395 3754 βγ.
414 3731 446 3741 ..
470 3690 597 3754 discantur,
610 3693 673 3742 VR.
696 3735 727 3743 -
756 3693 861 3756 Verqilio
877 3708 965 3759 georg.
985 3699 1007 3752 l,
1029 3698 1084 3744 186.
1101 3698 1125 3752 4,
1144 3697 1202 3740 248.
1221 3687 1327 3753 -suit,

205 3756 281 3806 VRd
294 3754 379 3816 (codd.
394 3758 464 3822 Gel.)
481 3760 551 3823 κείω
558 3759 620 3824 suit,
633 3778 652 3810 r.
677 3802 707 3810 ..
721 3759 860 3822 formicam,
873 3763 896 3810 d.
917 3785 958 3810 ..ν
972 3759 1076 3810 Homero
1088 3759 1162 3808 Iliad.
1176 3761 1327 3823 11570...-

206 3821 357 3887 descripsere,
369 3826 445 3875 VR'.

240 3905 255 3967 ξ
269 3915 309 3958 29.
327 3925 351 3968 a,
364 3911 445 3960 omitt.
458 3912 543 3962 VRd.
558 3952 588 3960 ..
607 3913 728 3973 concessis,
741 3915 773 3963 Κ.
788 3952 818 3962 ..
833 3912 906 3961 obiter
918 3920 950 3972 ut,
963 3911 1054 3961 VRT.
1073 3911 1153 3971 obiter,
1166 3911 1190 3960 d.
1209 3917 1235 3957 ut
1245 3907 1329 3967 obiter,

206 3970 257 4037 βγ.
277 4016 308 4024 -
326 3975 369 4036 sic,
384 3970 523 4030 OVRTd.
542 3979 570 4040 si,
581 3975 611 4039 β.
631 4021 662 4028 -
680 3978 893 4043 Noctemque
911 3977 998 4042 (codd.
1012 3977 1082 4041 Gal.)
1099 3977 1153 4029 Nec
1168 3975 1251 4039 deerit,
1263 3977 1328 4025 VR.

207 4038 259 4091 Nec
271 4040 366 4106 deesset,
379 4061 399 4094 r.
420 4086 449 4094 -
468 4047 570 4095 materia
583 4063 692 4112 pompae,
704 4048 818 4098 VRTd.
838 4088 869 4098 -
889 4046 979 4108 liberet,
991 4047 1054 4097 VR.
1073 4045 1134 4108 libet,
1146 4049 1170 4097 d.
1190 4085 1222 4095 ..
1238 4043 1328 4107 prima,

207 4109 262 4158 Vd.
277 4110 448 4176 primafldem,
460 4114 491 4163 R.
506 4156 536 4164 ,.
550 4114 625 4177 vitee;
638 4131 684 4180 pro
698 4118 723 4164 h.
736 4117 867 4167 r.·habent
880 4115 961 4164 vite'am
974 4116 1050 4176 ΨΒ,
1063 4113 1124 4162 sitia
1134 4115 1186 4173 V²,
1198 4111 1258 4161 uitia
1269 4110 1328 4160 ind.

209 4217 240 4225 -
259 4176 428 4240 millensimum,
439 4182 472 4231 V.
493 4223 524 4232 ..
542 4180 682 4244 redituram,
694 4184 749 4234 Vd.

242 4259 314 4323 §so
341 4262 491 4328 releqiosam,
510 4266 543 4315 V.
575 4307 605 4315 -
634 4265 723 4330 arnapi
738 4266 851 4327 iubentes,
870 4282 921 4318 om.
938 4268 982 4319 R'.
1006 4284 1035 4315 ea
1053 4264 1117 4329 sinyi
1131 4264 1241 4323 iubentes,
1257 4262 1339 4327 Lips„
