2918 4800
434 313 502 359 arn.
519 314 646 359 xxv111.
678 311 756 358 car.
772 315 794 359 1.
824 311 922 359 svor.
941 315 957 353 1.
971 314 989 354 a
1209 297 1270 361 255

149 465 331 531 coniectura
357 464 529 529 inductus?
562 485 658 547 quam
690 471 795 548 potest
827 462 987 527 medicina
1018 463 1080 527 ista
1114 464 1272 551 originem

147 565 320 631 habuisse?
354 565 426 649 quis
460 564 613 629 veneficia
640 562 857 629 innocentiora
883 564 961 628 fecit
989 586 1084 648 quam
1112 566 1271 631 remedia?

148 665 245 745 Esto,
278 667 406 733 barbari
434 666 620 750 externique
648 665 729 731 ritus
756 662 953 741 invenerint,
986 665 1123 730 etiamne
1153 666 1271 734 Graeci

148 791 223 833 suas
244 769 347 834 fecere
368 767 426 832 has
449 767 547 831 artis?
568 765 710 831 Exstant
730 766 1003 832 conmentationes
1022 766 1201 833 Democriti
1230 770 1299 833 adt

148 870 212 934 alia
237 869 325 935 noxii
354 868 492 935 hominis
525 891 566 933 ex
599 854 704 953 capite
732 891 806 933 ossa
834 867 908 952 plus
936 868 1107 953 prodesse,
1141 871 1182 934 ad
1208 870 1272 936 alia

148 970 243 1036 amici
266 981 298 1036 et
319 970 467 1055 hospitis.
501 969 571 1034 Iam
593 993 669 1035 vero
692 970 724 1034 vi
744 968 928 1054 interempti
951 969 1043 1034 dente
1065 971 1216 1058 gingivas
1238 972 1271 1035 in

148 1073 256 1138 dolore
279 1072 455 1158 scariphari
474 1070 668 1157 Apollonius
692 1070 947 1136 efficacissimum
971 1071 1110 1157 scripsit,
1133 1072 1272 1138 Meletos

148 1175 312 1241 oculorum
335 1173 536 1239 subfusiones
559 1172 632 1237 felle
654 1172 791 1238 hominis
814 1171 932 1237 sanari.
956 1172 1111 1237 Artemon
1134 1175 1273 1240 calvaria

148 1276 309 1341 interlecti
330 1297 433 1358 neque
456 1274 588 1338 cremati
610 1274 795 1361 propinavit
816 1296 932 1358 aquam
954 1296 971 1339 e
993 1276 1082 1340 fonte
1102 1288 1198 1342 noctu
1219 1300 1272 1343 co-

149 1376 324 1442 mitialibus
345 1375 484 1452 morbis3
513 1398 553 1439 ex
580 1377 690 1441 eadem
714 1376 888 1461 suspendio
909 1375 1092 1462 interempti
1115 1380 1273 1464 catapotia

150 1480 229 1545 fecit
250 1489 360 1545 eontra
382 1479 470 1542 canis
486 1478 604 1544 rabiosi
627 1501 751 1543 morsus
772 1478 931 1544 Antaeus.
952 1479 1062 1562 Atque
1084 1480 1179 1544 etiam
1193 1500 1302 1564 qua-s

150 1581 302 1666 dripedes
328 1580 471 1645 homines
500 1603 653 1645 sanavere
675 1591 786 1645 contra
806 1580 987 1645 inflationes
1009 1580 1105 1646 boum
1128 1582 1272 1667 perfora-

151 1683 192 1747 tis
215 1682 364 1748 comibus
385 1681 565 1747 inserentes
586 1704 659 1747 ossa
680 1681 829 1758 humana,
847 1681 904 1747 ubi
925 1682 1020 1748 homo
1041 1684 1167 1749 occisus
1190 1697 1275 1750 esset

151 1795 206 1848 aut
219 1793 379 1848 crematus
401 1782 561 1869 siliginem
577 1804 659 1867 quae
675 1793 896 1867 pernoctasset
911 1806 1005 1849 suum
1020 1783 1139 1849 morbis
1155 1786 1271 1851 dando.

150 1886 269 1952 Procul
297 1909 317 1950 a
343 1884 436 1950 nobis
464 1885 648 1969 nostrisque
677 1884 792 1949 litteris
821 1884 930 1949 absint
957 1885 1037 1962 ista;
1067 1908 1126 1951 nos
1153 1887 1273 1953 auxilia

151 1988 304 2066 dicemus,
327 2009 390 2051 non
412 1985 552 2072 piacula,
577 1984 681 2051 sicubi
701 1986 793 2051 lactis
814 2008 1045 2073 puerperarum
1059 2010 1138 2053 usus
1153 1989 1274 2054 mederi

151 2089 285 2175 poterit,
321 2087 423 2154 sicubi
453 2087 554 2152 saliva
582 2100 727 2153 tactusve
761 2087 906 2174 corporis
942 2099 1112 2172 ceteraque
1147 2089 1272 2155 similia.

150 2190 261 2256 Vitam
286 2190 416 2274 quidem
441 2212 506 2253 non
535 2189 614 2255 adeo
649 2190 862 2276 expetendam
889 2212 1056 2255 censemus
1082 2201 1119 2254 ut
1145 2209 1302 2275 quoquoe

151 2291 246 2356 modo
268 2290 422 2356 trahenda
445 2291 500 2369 sit3
530 2291 676 2374 quisquis
698 2314 733 2355 es
756 2290 842 2370 talis,
874 2312 976 2375 aeque
998 2291 1149 2370 moriere,
1178 2293 1275 2357 etiam

153 2415 226 2456 cum
248 2392 426 2458 obscoenus
448 2391 569 2457 vixeris
597 2402 654 2457 aut
680 2392 848 2458 nefandus.
884 2390 1091 2479 Quapropter
1118 2395 1179 2459 hoc
1206 2395 1273 2480 pri·

152 2517 240 2557 mum
261 2493 399 2578 quisque
420 2493 455 2556 in
477 2493 628 2559 remediis
650 2494 749 2558 animi
773 2494 823 2559 sui
843 2494 971 2573 habeat,
995 2518 1036 2560 ex
1051 2495 1200 2562 omnibus
1216 2497 1273 2562 bo-

152 2592 203 2658 nis
229 2615 312 2678 quae
341 2593 461 2659 homini
490 2594 602 2660 tribuit
628 2607 745 2661 natura
770 2597 894 2661 nullum
921 2596 1035 2661 melius
1056 2620 1127 2662 esse
1151 2610 1273 2685 tempe·

154 2694 236 2759 stiva
257 2705 359 2759 morte
387 2694 485 2780 idque
512 2696 546 2759 in
569 2719 608 2761 ea
629 2707 808 2783 optumum,
836 2698 925 2782 quod
945 2697 1033 2763 illam
1055 2698 1117 2765 sibi
1139 2701 1275 2784 quisque

152 2805 314 2880 praestare
335 2796 463 2881 poterit.

156 2942 273 2993 Osthanes
284 2946 362 2995 etiarn
374 2952 415 3006 30,
425 2949 448 2994 8.
461 2946 569 2996 aPlinio
578 2948 695 3011 princeps
704 2946 852 3012 disciplinae
863 2949 979 3012 magicae
990 2949 1144 3012 perhibetur,
1157 2951 1188 2998 de
1199 2964 1274 3000 voca·

152 3012 205 3061 tivo
215 3026 275 3061 vero
288 3013 364 3062 huius
375 3013 486 3063 nominis
498 3014 524 3063 in
535 3029 548 3061 e
559 3024 668 3064 exeunte
680 3031 702 3064 v.
716 3015 861 3066 Schneider.
875 3025 1008 3079 grammat.
1020 3017 1077 3067 Lat.
1091 3024 1115 3066 2.
1128 3033 1153 3080 p.
1166 3023 1207 3066 44.

186 3077 201 3140 ξ
214 3086 237 3130 6.
260 3079 313 3142 erit,
325 3081 378 3131 Rd.
397 3081 436 3142 rit,
446 3082 472 3130 V
484 3079 549 3143 (una
559 3083 591 3131 ab
603 3082 676 3158 initio
688 3083 773 3133 littera
785 3081 878 3146 erasa).
898 3125 928 3133 ..
946 3084 1105 3145 eversostarrir,
1117 3085 1143 3133 V
1151 3088 1164 3133 ¹.
1182 3100 1273 3133 everso

152 3166 231 3229 rasari,
240 3173 265 3221 V
274 3175 291 3221 ².
302 3214 333 3222 -
346 3173 390 3236 qai
396 3173 496 3237 primas,
505 3175 561 3222 Vd.
578 3160 610 3236 qi
620 3173 644 3234 ia
653 3174 734 3238 paim’,
743 3176 775 3224 Β.
788 3216 819 3224 ..
839 3175 879 3236 tui,
892 3177 973 3225 omitt.
983 3176 1066 3227 VRd.
1081 3217 1111 3224 ..
1127 3184 1211 3239 potest,
1224 3178 1273 3227 ΒΤ.

149 3247 211 3302 post,
223 3240 299 3290 VR¹.
316 3257 344 3304 p,
357 3241 382 3290 d.
395 3282 426 3290 ..
445 3239 571 3300 medicina,
583 3242 617 3290 V.
630 3281 662 3291 ..
672 3242 744 3303 feeit,
760 3236 867 3294 θΒΤᾱ.
884 3242 971 3307 effecit,
982 3239 1065 3308 Vssr.
1078 3284 1109 3293 ...
1128 3243 1273 3307 invenerant,

152 3307 212 3357 ΒΤ.
231 3349 262 3357 ..
285 3307 375 3359 Graeci
383 3324 448 3369 suos,
461 3309 495 3358 V.
512 3324 569 3357 suos
584 3307 680 3369 Graeci,
691 3310 746 3358 Rd.

186 3377 201 3438 §
215 3379 237 3426 7.
255 3374 297 3436 ad,
309 3377 362 3427 Rd.
377 3377 434 3427 Om.
447 3376 481 3438 V,
493 3377 536 3427 ubi
549 3376 659 3426 adfuisse
671 3378 777 3428 videtur.
795 3418 828 3428 ..
845 3376 905 3440 alio,
917 3379 951 3428 V.
974 3377 1049 3441 aliod,
1063 3382 1087 3429 d.
1110 3377 1178 3439 aliut,
1190 3380 1221 3430 Β.
1240 3420 1272 3430 ..

152 3441 252 3493 leminis
269 3459 305 3503 ea,
324 3444 347 3493 d.
374 3442 478 3493 homines
490 3452 520 3505 et,
531 3445 564 3495 Β.
590 3442 693 3493 hemines
705 3461 725 3506 e,
737 3448 772 3496 V.
797 3444 896 3495 bominis
907 3463 927 3509 e,
939 3442 991 3512 βγ.
1009 3487 1041 3496 ..
1065 3455 1095 3507 et,
1112 3462 1163 3498 om.
1176 3449 1221 3498 R'.
1240 3488 1272 3498 ..

152 3508 262 3574 hospites,
275 3512 336 3562 VR.
356 3553 388 3562 ..
411 3511 442 3572 vi,
458 3512 506 3562 R't
534 3511 692 3574 auvam.
712 3554 743 3563 -
764 3513 940 3578 piaqivo,Vd.
958 3555 991 3564 ..
1013 3513 1157 3579 scariphari,
1168 3517 1193 3564 d.
1218 3532 1272 3565 sca-

151 3577 233 3642 rifori,
243 3579 334 3629 VBT.
352 3579 496 3642 sacrificari,
508 3576 558 3644 βγ.
572 3620 603 3629 -
616 3579 726 3643 Meletos,
739 3576 853 3632 OV¹R¹.
870 3581 976 3644 Miletos,
986 3584 1083 3634 V²R².
1101 3582 1208 3644 Meletes,
1219 3585 1271 3634 Td.

152 3645 259 3707 Miletus,
271 3643 321 3712 βγ.
341 3689 372 3697 ..
390 3648 538 3711 suffusiones,
549 3648 581 3698 Β.
598 3648 735 3712 suffusione,
747 3650 780 3699 V.
798 3650 957 3713 suffusam,
970 3653 995 3701 d.
1013 3692 1045 3700 -
1063 3649 1175 3714 homines,
1186 3653 1220 3702 V.
1238 3694 1270 3703 ..

152 3713 266 3762 Artemon
282 3714 315 3776 ia,
327 3716 359 3766 Τ.
379 3757 409 3765 ..
433 3714 510 3775 calvo,
528 3714 601 3766 c'odd.
614 3717 728 3768 Barbari.
747 3758 778 3767 ..
799 3717 906 3782 ipseque,
922 3735 942 3768 r.
960 3759 991 3769 ..
1014 3717 1102 3780 rabidi,
1117 3737 1137 3770 r.
1157 3760 1187 3769 ..
1210 3737 1271 3771 mor-

152 3797 211 3842 sum,
224 3785 248 3832 d.
267 3824 298 3832 ..
317 3781 434 3844 Antaeus,
447 3780 556 3835 evita
573 3783 687 3846 Aatbeas,
699 3780 728 3845 β.

187 3848 237 3909 §8-
262 3848 438 3911 homiae,Pint.
458 3893 488 3901 ..
513 3851 653 3915 inflationes,
666 3853 766 3904 VR²d.
793 3851 999 3917 inflammationes,
1015 3847 1115 3905 9R1T.
1135 3894 1167 3905 -
1181 3855 1271 3921 sclipi-

152 3932 211 3978 aem‚
225 3919 294 3968 Pint.
312 3959 343 3967 ..
362 3920 473 4046 moquom,
487 3921 511 3968 d.
531 3960 562 3970 ..
581 3918 691 3983 dicemus,
702 3922 755 3971 Rd.
782 3919 888 3983 dicimus,
906 3913 964 3972 OV.
984 3962 1015 3971 -
1034 3923 1131 3985 poterit,
1142 3923 1270 3989 Vaut.

148 3984 289 4049 possit,R¹.
305 3986 390 4048 potuit,
424 4023 430 4035 .

186 4055 237 4117 59.
265 4050 441 4109 extendendam,
456 4055 489 4105 Κ.
508 4095 538 4104 ..
564 4070 664 4118 qaoque,
681 4056 744 4105 R²d
761 4053 846 4117 (codd.
859 4054 930 4118 Gel.)
957 4059 1097 4120 qaavut
1121 4100 1152 4109 ..
1176 4069 1272 4124 pertra-

152 4117 238 4182 lteado,
250 4122 284 4170 Κ.
303 4163 334 4171 ..
353 4128 395 4182 est,
406 4121 469 4170 VR.
488 4163 519 4171 ..
538 4138 621 4184 aequo,
637 4116 666 4171 θ.
686 4163 717 4171 ..
739 4139 797 4185 com,
814 4124 868 4174 Rd.
891 4140 970 4188 quom,
982 4126 1044 4176 VT.
1063 4168 1093 4176 -
1113 4128 1214 4189 obscene,
1226 4130 1271 4178 Rl.

153 4228 184 4237 ..
203 4188 396 4252 onimisai,R².
420 4188 507 4238 animis
518 4197 551 4251 at,
564 4190 638 4240 VR¹.
662 4189 738 4238 animi
748 4197 780 4252 ot,
793 4192 845 4242 Td.
864 4232 896 4240 -
915 4191 985 4257 idque
996 4193 1021 4242 ia
1033 4210 1070 4257 eo,
1085 4188 1225 4247 OVRTd.
1247 4195 1272 4244 ia

152 4270 227 4320 eoque
238 4256 272 4373 a}
283 4254 313 4320 β,
331 4258 400 4322 quod
415 4258 508 4323 probat
518 4258 600 4309 Beier.
618 4258 651 4308 ad
663 4257 742 4309 cicer.
760 4267 834 4310 oratt
846 4259 936 4326 fragm.
948 4276 973 4326 p.
986 4265 1043 4313 282.
1064 4304 1094 4314 ..
1115 4263 1210 4329 potent,
1222 4264 1271 4313 1³².

149 4324 233 4388 ponat,
276 4326 401 4378 vaus.
