2918 4800
424 321 637 366 n1u.xxv111.
667 319 810 366 caarv.
841 318 974 365 sacua
1199 302 1259 365 265

140 473 335 549 inunctione,
357 470 568 536 carcinomata
589 472 672 536 malo
695 483 798 535 terrae
819 468 961 547 subacto,
984 469 1120 534 cervicis
1135 469 1260 534 dolores

143 573 243 638 saliva
258 573 360 637 ieiuni
372 573 486 637 dextra
508 595 604 636 manu
626 573 665 636 ad
689 573 839 636 dextrum
861 571 1015 656 poplitem
1038 572 1147 648 relata,
1169 571 1262 634 laeva

143 676 185 738 ad
209 674 387 750 sinistrum,
410 675 544 757 siquod
568 674 685 738 animal
707 696 817 738 aurem
839 673 1005 737 intraverit
1029 682 1060 736 et
1081 672 1261 757 inspuatur,

143 776 241 840 exire.
275 775 364 840 Inter
398 775 536 839 amuleta
570 788 618 839 est
651 774 756 839 editae
785 795 945 857 quemque
966 774 1079 837 urinae
1099 774 1262 857 inspuere,
1275 791 1308 834 aa

144 876 287 940 similiter
315 876 348 939 in
377 875 619 940 calciamentum
647 875 753 940 dextri
775 875 868 960 pedis
891 875 1079 958 priusquam
1100 874 1261 951 induatur,

142 978 218 1042 item
253 1000 326 1042 cum
361 977 433 1060 quis
466 986 606 1040 transeat
638 976 741 1040 locum
775 976 809 1038 in
839 997 902 1058 quo
930 976 1060 1058 aliquod
1085 975 1263 1060 periculum

143 1079 266 1143 adierit.
300 1078 447 1143 Marcion
474 1077 674 1163 Zmyrnaeus
706 1077 761 1162 qui
797 1077 837 1141 de
871 1075 1068 1163 simplicibus
1096 1076 1263 1141 effectibus

144 1181 273 1266 scripsit
295 1181 401 1265 rumpi
424 1179 650 1265 scolopendras
672 1179 811 1243 marinas
835 1190 930 1264 sputo
945 1179 1051 1256 tradit,
1074 1178 1150 1243 item
1164 1179 1262 1244 rube-

146 1294 194 1347 tas
216 1271 363 1364 aliasque
380 1305 491 1358 ranas,
515 1279 645 1367 Opilius
669 1281 842 1365 serpentis,
867 1280 989 1364 siquis
1010 1280 1044 1343 in
1065 1280 1188 1345 hiatum
1209 1302 1263 1343 ea-

144 1406 215 1447 rum
237 1394 386 1469 exspuat,
424 1380 523 1467 Salpe
556 1394 715 1468 torporem
749 1382 854 1446 sedari
886 1403 1087 1466 quocumque
1122 1379 1265 1444 membro

145 1495 311 1569 stupente,
342 1484 368 1548 si
396 1484 469 1568 quis
494 1484 528 1547 in
557 1485 662 1548 sinum
689 1495 827 1568 exspuat
850 1495 906 1547 ant
928 1483 955 1548 si
978 1483 1174 1569 superiorem
1194 1481 1264 1567 pal-

144 1585 278 1670 pebram
312 1585 412 1650 saliva
438 1596 557 1672 tangat.
594 1585 662 1649 Nos
692 1585 719 1649 si
748 1585 842 1662 haec,
870 1597 903 1650 et
929 1585 984 1649 illa
1010 1585 1177 1650 credamus
1204 1584 1265 1648 rite
1278 1600 1311 1644 aa

143 1686 230 1764 fieri,
255 1687 398 1752 extranei
421 1688 604 1750 interventu
627 1698 683 1750 aut
706 1686 732 1750 si
755 1686 916 1751 dormiens
939 1696 1100 1771 spectetur
1120 1686 1225 1750 infans
1246 1707 1267 1749 a

144 1787 267 1852 nutrice
295 1802 385 1853 terna
412 1787 544 1873 adspui,
577 1809 771 1873 quamquam
804 1787 875 1851 illos
910 1787 1062 1872 religione
1091 1795 1211 1849 tutatur
1234 1796 1267 1849 et

143 1889 285 1954 fascinus
312 1889 529 1975 inperatorum
557 1911 702 1973 quoque,
737 1911 802 1952 non
831 1890 933 1953 solum
960 1887 1129 1951 infantium
1157 1897 1266 1951 custos

145 1990 200 2072 qui
222 1991 302 2055 deus
323 1990 408 2058 inter
430 2013 520 2056 sacra
541 1990 687 2055 Romana
708 2014 725 2053 a
748 1985 935 2054 Vestalibus
958 1989 1075 2052 colitur
1098 1999 1130 2053 et
1152 2010 1266 2052 currus

146 2091 409 2177 triumphantium
438 2093 497 2157 sub
524 2091 573 2156 his
601 2091 746 2178 pendens
775 2090 914 2154 defendit
942 2091 1086 2154 medicus
1113 2089 1266 2164 invidiae,

145 2193 298 2278 iubetque
325 2195 455 2258 eosdem
482 2193 642 2278 respicere
672 2191 783 2257 similis
813 2190 971 2255 medicina
991 2191 1137 2276 linguae,
1167 2191 1268 2256 nteit

77 2356 80 2371 ,
146 2307 277 2361 exorata
298 2319 318 2360 a
341 2305 431 2383 tergo
453 2293 598 2360 Fortuna
619 2294 739 2380 gloriae
763 2292 914 2357 carnifex.

146 2470 196 2518 Eos
212 2469 270 2519 laec
287 2469 411 2519 credamus
427 2471 479 2532 rite,
493 2473 523 2521 lt.
551 2470 604 2521 Nos
620 2469 678 2519 baec
693 2469 945 2532 credamusritefiert',
958 2472 981 2520 d.
1008 2466 1267 2527 discesseramus,

145 2539 207 2598 item,
221 2539 333 2589 Gronov.
355 2540 447 2588 Verbis
459 2554 518 2588 vero
531 2541 545 2602 §
558 2542 598 2588 37.
621 2536 745 2586 credamus
760 2554 815 2602 erpo
831 2554 900 2602 seqq.
914 2538 1067 2601 comparatis
1083 2538 1168 2600 potius
1179 2537 1266 2598 legen·
1345 2554 1348 2559 ·

146 2609 206 2655 dum
224 2608 344 2657 arbitror:
363 2605 416 2656 Nos
430 2607 454 2654 si
467 2605 525 2654 laec
541 2604 672 2666 adamus,
690 2606 742 2654 item
759 2607 804 2655 rite
820 2605 929 2655 extranei
939 2606 1069 2654 interuentu
1080 2606 1143 2665 rell,
1162 2613 1191 2653 ut
1201 2605 1267 2653 Plin.

147 2675 225 2724 dicat:
244 2677 264 2723 si
278 2677 407 2724 credamus
424 2675 482 2724 illas
499 2676 607 2738 ineptias
619 2691 634 2723 a
646 2675 731 2724 multis
743 2677 863 2738 prolatas,
879 2683 934 2723 tum
947 2676 1078 2723 credamus
1091 2675 1167 2722 etiam
1184 2672 1268 2721 infan-

146 2750 197 2791 tem
211 2743 379 2792 dormientem
395 2743 442 2791 rite
459 2742 583 2792 anutrice
599 2743 696 2807 adspui,
709 2752 738 2792 nt
750 2745 818 2792 mala
829 2750 988 2803 avertantur,
1007 2742 1103 2791 deridet
1118 2742 1194 2804 igitur
1209 2741 1269 2790 ficta

147 2811 297 2860 credulitate
313 2811 371 2860 illas
386 2811 502 2873 ineptias,
523 2811 620 2861 deridet
635 2819 660 2860 et
676 2811 743 2860 hanc
761 2812 792 2860 de
808 2812 887 2860 saliva
903 2811 1015 2859 nutricis.
1040 2850 1070 2858 ..
1100 2816 1174 2867 terna,
1190 2809 1269 2856 VRd

147 2874 233 2939 (codd.
246 2875 375 2938 Barbari).
395 2885 436 2938 ter,
444 2879 478 2928 K.
492 2919 523 2928 ..
536 2876 631 2942 adspui,
640 2878 725 2929 VRd.
744 2878 823 2943 expui,
836 2880 908 2928 codd.
918 2879 1033 2927 Barbari.
1044 2918 1075 2925 ..
1087 2875 1148 2938 illos,
1156 2877 1269 2926 VRTd.

149 2946 238 2997 Omitt.
252 2947 326 2995 codd.
338 2947 453 3006 Barbari,
465 2941 494 3007 β.
507 2989 538 2996 -
559 2954 655 3008 tutatur,
669 2945 779 2997 Gronov.
799 2946 1020 3006 mutuatur,VTd.
1039 2951 1143 3005 utuntur,
1156 2946 1201 2996 12¹.
1218 2959 1269 2991 mu-

147 3020 219 3075 tatur,
231 3016 272 3064 R²
288 3010 374 3075 (codd.
386 3014 506 3076 Barbari)
517 3011 546 3075 β.
571 3015 733 3079 Quamquam
746 3016 892 3065 Gronovius
908 3015 935 3062 in
946 3015 1092 3062 universum
1104 3013 1189 3062 locum
1202 3020 1270 3061 recto

147 3081 302 3142 emendavit,
320 3083 435 3131 nondum
453 3091 538 3131 tamen
555 3092 703 3144 personatus
720 3084 826 3132 videtur.
849 3083 891 3131 Ex
902 3096 965 3130 voce
977 3082 1073 3131 scilicet
1088 3087 1208 3127 mutamur
1225 3080 1269 3128 eli·

147 3150 265 3199 ciendum
282 3163 373 3199 censeo
391 3147 502 3213 reliqt'oue
519 3157 597 3197 muta
614 3157 715 3211 totamm
738 3151 886 3210 religionem
903 3149 993 3198 fascini
1004 3157 1103 3198 mutam
1115 3147 1187 3208 (coll.
1200 3149 1215 3210 ξ
1228 3153 1269 3196 25.

146 3232 179 3266 ex
197 3218 374 3267 emendatione
390 3216 511 3279 Ferrarii)
528 3219 636 3281 opponit
652 3218 790 3267 medicinae
807 3219 910 3279 linguae
926 3217 942 3264 i.
956 3232 977 3264 e.
996 3216 1150 3265 carminibus
1166 3214 1269 3264 ludicris

147 3293 172 3333 et
184 3285 355 3348 petulantibus
367 3286 478 3334 militum
490 3286 670 3348 imperatorem
681 3286 882 3348 triumphantem
894 3284 1061 3346 sequentium,
1075 3284 1165 3348 quibus
1177 3283 1270 3346 pariter

147 3360 223 3416 atque
234 3352 331 3404 fascino
348 3355 426 3403 tacito
444 3365 623 3403 averruncetur
640 3354 734 3402 invidia
752 3356 785 3402 ob
801 3353 906 3401 nimiam
918 3351 1048 3401 fortunam
1059 3359 1120 3400 nata
1132 3359 1158 3400 et
1168 3349 1271 3417 [ortana

147 3422 243 3483 gloriae
252 3422 425 3472 inimicissima
435 3430 554 3471 exoratur
566 3423 581 3470 i.
592 3437 613 3470 e.
623 3422 780 3485 propitiatur.
791 3461 820 3470 ..
832 3420 893 3467 inter
904 3435 988 3481 saara3
1000 3422 1032 3470 ab
1041 3420 1081 3469 his
1090 3434 1129 3467 vv.
1140 3425 1272 3468 transeunt

147 3485 235 3552 difpp
257 3491 343 3539 statim
363 3492 396 3539 ad
417 3491 495 3539 verba
514 3488 596 3538 cadem
613 3490 751 3554 striymenta
767 3492 781 3552 §
800 3494 839 3538 51.
861 3489 946 3537 media
963 3489 1048 3537 omnia
1066 3488 1219 3537 omittentes.
1239 3528 1270 3536 -

147 3572 164 3604 a
182 3555 314 3606 Vestalibus
331 3556 423 3618 colitur,
441 3560 465 3607 d.
492 3556 628 3606 mortalibus
644 3557 741 3618 cubitus,
758 3560 791 3607 V.
818 3554 931 3605 aetatibus
947 3554 1040 3616 culitur,
1057 3557 1089 3606 R.
1112 3596 1143 3604 ..
1171 3552 1270 3615 eordan,

151 3616 260 3675 OVTd.
287 3624 374 3686 eodem
386 3626 417 3675 R.
445 3624 567 3687 inuidiam,
579 3627 613 3676 K.
632 3667 663 3675 ..
685 3624 796 3688 racipere,
812 3618 981 3674 OVRTKd.
1003 3625 1041 3674 At
1057 3637 1139 3686 nequo
1155 3621 1271 3685 respicere

147 3688 228 3755 (qnod
242 3695 328 3743 deberi
341 3694 441 3743 videtur
451 3695 600 3757 Rhodigino
613 3696 670 3744 lect.
683 3703 734 3744 ant.
744 3699 769 3755 8,
781 3691 816 3755 t.)
828 3708 911 3757 neque
922 3691 1026 3755 recipere
1037 3690 1096 3741 ferri
1107 3697 1199 3754 potest,
1212 3705 1271 3740 cum

148 3761 277 3810 obiectum
293 3762 461 3811 necessarium
479 3763 537 3812 inde
553 3771 641 3826 aptum
658 3764 730 3812 desit.
753 3763 820 3813 Hinc
834 3761 944 3812 Gronov.
958 3761 1048 3809 ultima
1064 3759 1139 3808 huius
1157 3760 1270 3808 enuntia·

147 3827 224 3878 tionis
241 3831 316 3878 verba
333 3816 500 3879 itsrefinxit:
527 3837 553 3877 ut
568 3830 600 3879 sit
615 3838 715 3878 exorata
726 3830 836 3879 Fortuna
849 3827 948 3893 alatae,
967 3844 983 3875 a
996 3834 1060 3890 teryo
1072 3826 1215 3890 carnificem,
1232 3841 1270 3877 sc·
1343 3846 1348 3865 ¹

147 3904 220 3946 cutus
245 3898 336 3945 miram
361 3897 431 3945 illam
456 3899 578 3961 nulloque
604 3899 748 3947 testimonio
769 3898 860 3948 fultam
882 3897 1029 3960 opinionem
1054 3896 1085 3944 de
1108 3896 1224 3944 carnifice
1244 3896 1271 3945 in

147 3978 222 4012 curru
237 3964 386 4027 triumphali
403 3967 526 4014 adstante.
552 3967 702 4028 Legendnm
720 3967 804 4030 potius
821 3974 860 4015 cst
875 3962 1013 4027 ramincurt
1029 3963 1046 4012 i.
1063 3978 1084 4012 e.
1104 3977 1137 4012 ex
1154 3964 1271 4026 superbia

147 4047 193 4081 sua
209 4034 243 4080 ad
260 4032 351 4080 mentis
367 4031 503 4080 sanitatem
518 4033 606 4091 redire,
622 4033 670 4082 nisi
682 4032 755 4094 forte,
772 4042 801 4082 ut
817 4033 934 4081 codicum
953 4031 1102 4095 scripturam
1113 4032 1219 4095 propius
1231 4046 1269 4080 se·

148 4098 354 4162 quansffaipere
367 4099 451 4161 legere
463 4100 545 4159 malis,
558 4115 609 4162 qua
620 4115 681 4151 voce
693 4101 729 4149 ita
741 4115 807 4149 nove
818 4100 931 4151 Plinium
944 4102 1033 4149 eadem
1045 4114 1096 4163 qua
1107 4100 1269 4163 resipiscendi

147 4168 252 4216 notione
267 4183 341 4217 usum
358 4181 413 4216 esse
429 4174 538 4226 statuas,
557 4181 614 4216 curn
632 4168 695 4217 alias
712 4183 742 4217 aa
758 4169 825 4231 apud
842 4183 900 4217 eum
917 4168 954 4215 uti
971 4169 1037 4230 apud
1055 4167 1120 4217 alios
1136 4168 1270 4232 scriptores

147 4249 249 4284 sensum
270 4236 365 4285 habeat
391 4242 511 4298 „gustum
533 4234 639 4285 alicuius
662 4237 699 4284 roi
716 4235 864 4299 praeferre’'.
892 4234 958 4285 (ium
977 4236 1027 4285 hoc
1045 4233 1175 4299 resipiendi
1193 4236 1269 4285 verbo

147 4310 206 4364 apte
219 4305 335 4366 componi
348 4311 432 4367 potest
444 4303 546 4352 verbum
560 4301 673 4366 decepere.
