2918 4800
196 245 255 309 106
544 260 747 309 unruanms
769 260 964 308 maronam

191 413 290 490 niam,
317 410 490 498 Pompeius
512 411 664 479 Lenaeus
684 413 798 499 Magni
818 411 965 490 libertus,
985 432 1050 496 quo
1071 411 1210 497 primum
1232 424 1312 479 tem-

191 536 270 600 pore
295 514 378 579 hano
404 513 569 578 scientiam
595 514 637 578 ad
664 525 791 581 nostros
819 513 1005 600 pervenisse
1031 513 1137 579 animo
1169 513 1312 580 adverto.

191 614 338 699 Namque
355 613 570 693 Mithridates,
590 638 761 681 maxumus
783 638 842 681 sua
863 624 968 681 aetate
990 637 1115 702 regum,
1139 637 1234 698 quem
1256 618 1314 682 de-

192 714 323 781 bellavit
335 715 520 800 Pompeius,
542 717 684 783 omnium
706 728 779 783 ente
802 739 836 783 se
850 715 1033 804 genitorum
1047 715 1314 801 diligentissimus
1355 784 1358 789 ,

191 818 277 884 vitae
297 817 396 883 luisse
416 818 625 904 argumentis,
647 828 872 902 praeterquam
894 817 981 883 fama
1001 815 1207 903 intellegitur.
1244 815 1312 885 Uni

192 919 222 985 ei
244 920 461 1006 excogitatum
483 918 600 983 cotidie
622 941 780 989 venenum
800 917 912 985 bibere
931 918 1147 1004 praesumptis
1162 919 1313 984 remediis

190 1029 228 1085 ut
248 1020 481 1086 consuetudine
501 1019 574 1104 ipsa
593 1020 760 1085 innoxium
779 1020 880 1085 fieret.
912 1019 1021 1086 Primo
1042 1019 1174 1087 inventa
1194 1040 1343 1108 generas

191 1121 337 1199 antidoti,
366 1119 546 1204 exquibus
573 1144 676 1188 unum
702 1121 798 1190 etiam
827 1143 944 1190 nomen
970 1120 1040 1187 eius
1066 1121 1185 1189 retinet
1191 1146 1201 1200 ;
1228 1122 1314 1189 illiue

190 1221 357 1287 inventum
384 1222 576 1310 sanguinem
600 1233 730 1291 anatum
750 1223 957 1290 Ponticarum
986 1222 1122 1291 miscere
1149 1223 1314 1302 antidotis,

191 1321 343 1406 quoniam
366 1346 488 1390 veneno
508 1324 665 1391 viverent.
687 1324 742 1391 Ad
754 1325 845 1390 illum
858 1323 1064 1410 Asclepiadis
1079 1324 1230 1391 medendi
1245 1335 1313 1390 arte
1359 1338 1364 1349 '

192 1424 268 1489 clari
289 1425 450 1492 volumina
475 1426 653 1511 composita
680 1435 817 1502 exstant,
845 1450 919 1494 oum
948 1425 1138 1495 sollicitatus
1167 1449 1208 1493 ex
1233 1425 1315 1492 urbe

191 1525 295 1591 Roma
320 1536 491 1612 praecepta
517 1550 576 1614 pro
610 1551 644 1594 se
671 1529 823 1595 mitteret.
872 1528 967 1593 Illum
996 1529 1099 1595 solum
1131 1526 1314 1595 mortalium

191 1626 305 1715 viginti
327 1628 451 1695 duabus
472 1628 592 1716 linguis
618 1630 759 1696 locutum
787 1641 911 1697 eertum
939 1641 988 1695 ast
1014 1651 1076 1697 neo
1095 1630 1136 1695 de
1159 1627 1315 1695 subiectis

191 1729 342 1816 gentibus
362 1731 464 1797 ullum
488 1730 650 1797 hominem
675 1754 734 1818 per
761 1731 968 1817 interpretem
995 1719 1198 1817 appellatum'
1213 1729 1254 1797 ab
1276 1751 1315 1794 eo

192 1830 284 1897 annis
304 1854 360 1895 avr
380 1831 499 1916 quibus
520 1832 677 1919 regnavit
698 1831 733 1896 Is
755 1853 834 1920 ergo
855 1831 890 1897 in
910 1831 1032 1916 reliqua
1053 1831 1164 1918 ingeni
1185 1829 1341 1917 magni-t

192 1933 303 1997 tudine
330 1932 508 1999 medicinae
535 1933 740 2020 peouliariter
767 1933 912 2001 curiosus
942 1943 974 1998 et
1000 1932 1042 1998 ab
1064 1931 1213 1999 omnibus
1233 1930 1312 1999 sub-

190 2034 282 2101 iectis
303 2035 360 2119 qui
380 2036 470 2101 fuere
491 2057 609 2121 magna
629 2058 707 2122 pars
728 2046 884 2103 terrarum
907 2034 1039 2121 singula
1049 2035 1220 2119 exquirens
1235 2033 1314 2099 seri·

191 2135 281 2202 nium
306 2136 600 2203 conmentarionum
626 2135 739 2202 harum
767 2147 798 2203 et
830 2136 1027 2223 exemplaria
1054 2136 1253 2221 effectusque
1280 2135 1315 2200 in

190 2237 317 2304 arcanis
343 2237 411 2303 suis
438 2238 585 2322 reliquit,
619 2238 795 2324 Pompeius
823 2248 931 2303 eutem
957 2233 1043 2303 omrii
1074 2238 1166 2326 regia
1192 2236 1315 2322 praeda

190 2339 313 2426 potitus
334 2339 510 2404 transferre
531 2361 571 2404 ea
584 2361 731 2404 sermone
749 2348 856 2405 nostro
874 2338 1026 2404 libertum
1041 2361 1136 2405 suum
1149 2337 1315 2404 Lenaeum

190 2439 420 2526 grammaticae
441 2439 521 2505 artis
542 2438 637 2503 iussit
659 2439 807 2525 vitaeque
821 2439 868 2507 ita
881 2440 1004 2526 profuit
1018 2463 1083 2507 non
1098 2438 1205 2505 minus
1219 2459 1316 2524 quam

192 2538 388 2625 reipublicae
410 2539 544 2607 victoria
564 2539 629 2605 illa.

236 2645 268 2707 4.
295 2640 428 2708 Praeter
454 2641 514 2707 hos
537 2637 658 2709 Graeci
679 2651 827 2709 auctores
851 2642 1024 2729 prodidere
1043 2663 1125 2727 quos
1148 2641 1216 2708 suis
1236 2640 1345 2708 loeise

227 2816 345 2878 Lenaeus,
363 2818 407 2867 ad.
426 2814 505 2878 ieaea’a
521 2817 556 2868 V.
574 2857 606 2866 ..
625 2815 705 2868 naimo
721 2816 826 2880 αᾰυενιο,
840 2810 890 2868 θα.
916 2817 981 2868 anim
997 2815 1097 2880 (rasura
1113 2817 1188 2868 unius
1204 2812 1316 2879 litterae)

193 2882 299 2946 adamo,
310 2886 346 2936 V.
368 2881 539 2947 animadverto,
552 2879 602 2946 dss.
622 2926 654 2935 -
670 2892 818 2950 punarque,
830 2901 844 2936 r
855 2883 942 2950 (codd.
954 2884 1053 2950 Rara).

227 2987 279 3050 §a
297 2984 435 3048 inventae.
452 2984 537 3050 aaa,
548 2987 604 3037 Vd.
623 3026 654 3037 ..
672 2984 782 3050 απὶἰᾶοῑί,
794 3003 817 3038 a.
838 2985 951 3038 απτίἅοῑίε
962 2986 1081 3051 mnam,
1093 2987 1142 3040 Vd
1157 2987 1239 3038 verbis
1250 2986 1317 3037 infra

193 3088 359 3152 sequentibus
374 3088 441 3138 male
456 3088 508 3138 huo
520 3088 614 3139 relatis.
632 3130 664 3139 -
689 3087 814 3152 inventum,
831 3092 877 3139 ad.
902 3066 1046 3152 inquietam,
1056 3090 1091 3140 V.
1117 3088 1234 3139 avertam
1246 3094 1316 3138 autn-

193 3164 272 3216 aumt,
286 3151 339 3220 βγ.
362 3195 395 3207 ...
423 3155 560 3221 moysicam
575 3163 685 3217 anama,
701 3157 736 3208 V.
764 3157 879 3222 anaqam
893 3164 1023 3220 maantam,
1039 3157 1063 3207 d.
1092 3164 1222 3218 mannam,
1237 3172 1261 3208 a
1285 3194 1317 3206 .-

193 3223 473 3287 Ponticarum,Bsrbar.
499 3223 660 3285 Ponticorum,
671 3224 766 3275 Va²d.
793 3225 960 3288 Ponmomm,
977 3228 1013 3276 a¹.
1032 3266 1064 3275 ..
1087 3223 1219 3289 praecepti,
1230 3223 1265 3275 V.
1284 3255 1318 3274 ...

193 3291 277 3357 υἰςίηιὶ
288 3290 388 3354 ἀποδω,
399 3293 455 3343 Vd.
481 3291 614 3343 mitridates
629 3290 727 3355 XXII,
739 3308 763 3342 e.
785 3295 903 3345 Eundem
916 3309 1050 3347 nnmerum
1061 3291 1135 3344 affert
1145 3294 1212 3344 Plin.
1227 3297 1251 3354 7,
1263 3298 1317 3354 88.;

193 3360 296 3424 quinque
311 3367 334 3409 et
349 3359 436 3425 vipiati
448 3359 551 3425 pennam
567 3363 645 3412 habet
656 3362 724 3414 Geli.
743 3366 844 3424 17,17.,
863 3363 907 3426 qui
923 3362 992 3413 hunc
1007 3361 1093 3413 locum
1109 3363 1136 3411 in
1152 3376 1228 3413 usum
1243 3375 1318 3411 suum

193 3429 300 3479 vocant.
314 3468 346 3478 ..
358 3436 445 3478 mium
457 3436 503 3489 esa
516 3431 580 3480 haee
590 3445 630 3480 vv.
640 3428 843 3493 postmortaliaa
852 3430 964 3480 collocat
973 3431 998 3480 d.
1011 3469 1043 3479 ..
1055 3427 1094 3489 de,
1106 3431 1189 3480 omitt.
1198 3429 1274 3479 Vad.
1285 3468 1316 3479 ,-

193 3495 367 3560 aapaeam,
378 3497 413 3547 v.
432 3537 463 3546 -
482 3496 560 3559 aar,
572 3499 617 3548 aa.
634 3495 710 3559 aru
719 3497 753 3546 v.
772 3495 827 3561 ayt,
842 3491 871 3547 e.
889 3495 967 3559 am,
978 3511 1003 3561 r.
1021 3495 1126 3559 Xan
1138 3498 1227 3547 aaa
1246 3491 1318 3556 ἐβίω

194 3554 218 3613 δ’
232 3561 303 3614 ὀκτὼ
311 3563 336 3693 2
354 3560 436 3613 ἐννέα
453 3560 498 3613 ἐπὶ
516 3564 575 3623 τοῖς
589 3562 722 3630 ἐξήκοντα
739 3559 822 3627 ἔτεσι,
841 3560 885 3614 καὶ
902 3561 1003 3615 τούτων
1016 3559 1085 3615 ἑπτὰ
1096 3560 1142 3613 καὶ
1154 3559 1318 3629 πεντήκοντα

195 3627 283 3683 ἔτεσιν
295 3630 310 3681 ἐ
334 3627 471 3691 nollem,
483 3632 595 3698 Appian.
607 3633 723 3683 Mithrid.
738 3638 794 3682 112.

229 3703 244 3765 ξ
257 3703 280 3752 7.
298 3699 331 3761 ia,
343 3701 426 3751 omitt.
438 3701 514 3751 Vad.
537 3701 574 3751 At
585 3717 643 3752 oum
654 3701 843 3765 praepositione
855 3701 881 3750 la
893 3700 911 3750 1.
923 3701 967 3751 vix
979 3715 1063 3752 carere
1074 3700 1209 3764 possimus,
1226 3695 1319 3760 reliqua

123 3830 125 3835 ·
195 3765 1321 3899 111111111111111111111111ῗέ11-11111111Ἒὲ

195 3918 293 3967 samaa,
307 3898 358 3966 βγ.
380 3943 412 3954 ..
437 3901 535 3968 praedo
549 3852 625 3968 reiro,
643 3906 666 3954 d.
686 3872 717 3953 ’-
742 3901 881 3967 prumano,
897 3903 931 3952 V.
954 3851 1232 3964 firminihio.
1259 3899 1320 3949 artr'e

196 3968 361 4032 metuamus,
372 3971 462 4022 Ambr.
474 3972 495 4021 I.
507 3966 536 4034 β.
554 3971 615 4019 arta'a
623 3969 732 4034 peritam,
745 3971 835 4021 Ambr.
847 3970 882 4021 II.
901 3971 934 4021 V.
947 3973 979 4021 ed
991 3978 1015 4033 4,
1030 3976 1052 4024 7.

230 4041 283 4103 58.
308 4045 424 4101 emtores,
439 4031 461 4086 θ
467 4040 501 4090 V.
525 4045 634 4087 maiorer
649 4037 785 4099 medicinae,
803 4034 896 4103 adssy.
921 4079 952 4089 ..
978 4054 1008 4088 ea
1023 4038 1061 4088 aa
1080 4037 1203 4097 Crateuas,
1220 4028 1319 4086 θΤιιᾱ.

197 4121 227 4155 en
239 4104 275 4156 ta
288 4103 428 4169 damas,
439 4107 474 4158 V.
497 4121 527 4156 er
538 4104 575 4155 lti's
589 4103 718 4168 Gruterum
734 4108 807 4157 codd.
821 4106 927 4158 Salmas.
940 4108 967 4156 in
978 4108 1091 4172 prolegg.
1103 4108 1137 4156 sd
1149 4106 1228 4169 hylen
1240 4119 1265 4168 p.
1281 4109 1319 4153 lt.

198 4188 227 4223 aa
243 4172 279 4224 ta
290 4173 364 4224 Euan
380 4190 423 4225 ren
434 4173 551 4235 Αναὸυηι,
568 4173 611 4237 qai
625 4173 654 4224 de
669 4174 807 4239 simpliciam
823 4173 942 4238 ffectdus
958 4174 993 4225 ad
1003 4174 1122 4226 Neronem
1137 4171 1241 4236 scripsit.
1261 4167 1320 4220 Gra-

200 4250 272 4304 teuae,
283 4238 313 4305 β.
335 4244 410 4296 Hauc
426 4243 576 4307 scripturam
593 4259 648 4294 osse
663 4244 841 4308 interpolatam
855 4259 888 4294 ex
899 4243 1023 4295 Marbodo
1037 4245 1068 4293 de
1079 4243 1206 4306 lapidibus
1218 4239 1282 4304 prol.
1296 4243 1319 4286 2.
