2918 4800
395 311 465 356 cnr.
480 309 580 356 xxvi.
610 306 687 354 cnr.
704 308 779 355 vm.
811 306 908 354 sacr.
924 309 1006 353 suaa
1194 289 1254 355 185

136 483 249 528 versus
283 460 440 544 serpentis
472 459 613 537 bibitur,
645 459 796 524 iumentis
828 480 955 544 quoque
987 458 1027 552 ³¹¹.
1054 458 1169 542 pituita
1200 469 1256 524 aut

137 561 319 650 stranguria
338 561 459 626 hordeo
480 560 626 646 inspersa
648 560 816 625 succurrit.

180 665 231 729 51.
253 661 442 747 Anthylhon
457 672 504 726 est
518 662 594 726 lenti
610 661 768 726 simillima
788 682 870 745 quae
892 661 927 724 in
948 660 1024 725 vinc
1039 671 1116 745 pota
1131 662 1256 728 vesicas
1271 679 1303 724 ss

138 765 223 831 vitiis
243 764 368 843 liberat,
397 763 584 850 sanguinem
608 763 709 840 sistit;
740 763 839 828 altera
868 773 916 828 est
937 762 1087 847 anthyllis
1110 763 1257 829 chamae·

137 866 245 952 pityos
268 866 389 945 similis,
411 865 488 930 flore
510 887 685 950 purpurea,
709 865 806 930 odore
829 865 930 952 gravi,
953 865 1061 930 radice
1082 864 1195 929 intubi.

181 969 233 1033 52.
256 967 318 1034 Vel
332 966 436 1053 magis
451 968 599 1032 medetur
613 989 740 1052 cepaea,
764 966 876 1031 similis
897 965 1098 1052 porcillacae,
1120 967 1259 1054 nigriore

138 1069 247 1134 radice
263 1069 320 1134 sed
333 1069 448 1147 inutili,
462 1091 598 1134 nascens
612 1069 646 1133 in
659 1069 807 1134 litoribus
821 1068 999 1146 harenosis,
1021 1078 1120 1155 gustu
1135 1090 1258 1146 amara3

139 1169 173 1234 in
195 1169 270 1234 vino
292 1193 363 1235 curn
387 1170 537 1256 asparagi
558 1169 665 1234 radice
688 1170 814 1234 vesicae
836 1170 1020 1254 plurumum
1041 1168 1182 1254 prodest.

183 1272 234 1337 53.
256 1270 380 1336 Eadem
401 1281 544 1358 praestat
565 1270 741 1356 hypericon
762 1292 859 1354 quam
880 1270 934 1334 alii
952 1270 1184 1356 chamaepytin,
1207 1269 1260 1334 alii
1273 1289 1305 1334 st

140 1373 296 1439 corissum
316 1374 488 1459 appellant,
511 1372 656 1437 oleraceo
678 1371 806 1449 frutice,
830 1371 927 1449 tenui,
950 1369 1091 1451 cubitali,
1114 1371 1261 1447 rubente,

139 1475 215 1539 folio
235 1485 339 1553 rutae,
361 1475 458 1539 odore
480 1474 556 1552 aori,
581 1473 699 1538 semine
720 1473 754 1537 in
777 1473 895 1557 siliqua
915 1474 1008 1561 nigm
1029 1483 1261 1539 maturescente

141 1600 214 1642 cum
234 1575 373 1653 horde03
400 1587 516 1640 natura
538 1575 650 1640 semini
679 1575 850 1660 spissandi,
881 1576 986 1641 alvom
1015 1575 1107 1654 sistit,
1137 1577 1263 1641 urinam

142 1677 215 1753 ciet,
238 1676 363 1785 vesicae
386 1699 459 1742 oum
480 1677 555 1743 vinc
576 1675 705 1742 bibitur.

184 1778 235 1843 54.
257 1777 319 1843 Est
341 1778 429 1844 aliud
449 1779 626 1865 hypericon
647 1778 735 1862 quod
755 1777 857 1863 aliqui
880 1800 970 1844 caros
992 1778 1163 1864 appellant,
1185 1778 1309 1843 fohoso

142 1879 314 1957 tamaricis,
336 1890 368 1945 et
391 1879 450 1945 sub
473 1903 511 1945 ea
531 1880 673 1944 nascitur
695 1880 753 1945 sed
773 1879 999 1966 pinguioribus
1013 1880 1097 1945 foliis
1112 1892 1143 1960 et
1157 1880 1263 1944 minus

141 1979 345 2059 rubentibus,
373 1981 551 2059 odoratum,
580 1982 688 2067 palmo
711 1981 817 2058 altius,
846 2003 955 2060 suave,
982 1981 1098 2046 leniter
1124 1990 1262 2046 acutum.

141 2080 204 2147 Vis
229 2082 342 2148 semini
369 2082 596 2147 excalfactoria
624 2093 656 2148 et
683 2083 757 2148 ideo
777 2082 975 2148 inflationem
998 2082 1085 2159 lacit,
1114 2081 1172 2147 sed
1199 2091 1263 2147 sto·

143 2184 256 2249 macho
271 2206 335 2249 non
350 2183 482 2283 inutile,
497 2185 706 2271 praecipuum
727 2185 768 2249 ad
785 2184 1010 2270 stranguriam,
1034 2184 1061 2248 si
1084 2183 1265 2250 exulcerata

144 2308 208 2349 non
231 2283 271 2350 sit
291 2286 413 2363 vesica3
436 2286 581 2351 medetur
603 2297 635 2352 et
655 2285 832 2373 pleuriticis
854 2309 897 2352 ex⁴
909 2287 984 2352 vino
999 2294 1120 2371 potum,
1143 2286 1193 2351 55.
1210 2307 1264 2349 ve·
1278 2298 1310 2347 ar

144 2458 261 2522 althaeae,
276 2457 306 2523 β.
330 2501 362 2512 -.
380 2461 472 2526 farina
488 2461 521 2524 iu,
538 2465 585 2514 12².
604 2462 695 2526 farina
712 2478 732 2524 e,
749 2464 773 2512 d.
791 2461 903 2525 farinae,
920 2463 995 2513 VR'.
1023 2502 1054 2511 ..
1080 2457 1228 2524 scaccario,
1241 2459 1265 2507 d.

143 2529 290 2593 suanyyria
302 2530 336 2580 V.
356 2571 387 2579 ..
407 2529 474 2592 tollit,
488 2533 569 2581 omitt.
581 2532 664 2581 VRd.

178 2625 193 2685 ς
211 2627 251 2672 84.
276 2620 434 2688 Cautlylliou,
450 2624 535 2675 VRd.
557 2623 676 2674 Ceterum
693 2640 716 2673 v.
732 2625 849 2674 Dioscor.
866 2631 889 2684 3,
909 2629 964 2673 143.
988 2664 1019 2672 ..
1031 2604 1035 2615 “
1048 2622 1159 2682 actiacus,
1175 2622 1209 2672 V.
1233 2662 1264 2670 ..

145 2697 179 2736 eut
190 2688 317 2754 anthyllis,
335 2707 381 2755 pro
398 2693 439 2742 his
456 2707 495 2742 vv.
508 2693 604 2742 habent
615 2690 743 2756 caatlyllis
760 2691 789 2754 (i.
802 2707 824 2741 e.
836 2691 851 2741 5
862 2688 998 2755 anthyllis)
1010 2692 1093 2741 VRd.
1119 2731 1149 2740 ..
1173 2688 1266 2738 clame-

140 2755 210 2820 pillo,
222 2758 269 2808 Va
280 2754 336 2822 (qui
348 2761 391 2808 hic
401 2776 487 2810 rursus
499 2758 600 2824 incipit)
607 2761 630 2808 d.
642 2758 848 2823 cumepillo,R.-
858 2757 960 2816 odaria.
972 2799 1003 2807 ..
1020 2757 1064 2809 Vel
1071 2757 1266 2822 muyiaVRad,

152 2824 249 2874 Vesicae
264 2825 347 2888 malu's,
364 2829 390 2878 Κ
410 2826 538 2889 (Murbac.
556 2843 597 2892 ap.
614 2827 720 2878 (lornar.
742 2831 774 2877 ad
791 2829 909 2877 Dioscor.
927 2833 951 2887 3,
970 2824 1039 2889 161.)
1066 2825 1118 2876 Sed
1136 2824 1164 2874 id
1183 2823 1266 2889 mapa,

145 2895 233 2944 Dalec.
253 2935 284 2943 -
307 2892 420 2952 medetur,
436 2887 590 2946 OVRTad
603 2892 744 2958 (Murhac.)
757 2895 846 2946 Omitt.
860 2894 935 2943 codd.
946 2895 1060 2957 Barbari,
1072 2889 1102 2955 β.
1121 2935 1152 2943 ..
1170 2909 1266 3008 egaea,

146 2962 245 3010 codices
256 2963 371 3023 Barbari,
389 2963 502 3014 Murbac.
520 2971 546 3013 et
561 2964 639 3013 index
649 2964 707 3013 libri
722 2968 743 3012 l.
761 2979 816 3025 cepe
828 2978 865 3022 aa,
877 2963 911 3012 V.
928 2977 1007 3025 caepe,
1020 2978 1043 3011 a.
1061 2978 1169 3025 ccpacae,
1212 2962 1267 3011 Rd.

146 3029 264 3079 Ceterum
277 3031 468 3091 v.Dioscor.³‚
482 3037 538 3082 158.
563 3071 594 3080 ..
614 3029 758 3094 porcilacae,
774 3031 879 3080 VRad.
900 3028 1047 3094 portulacae,
1058 3026 1087 3091 β.
1110 3070 1141 3079 ..
1164 3027 1268 3093 uipriurc

146 3095 235 3158 radice,
247 3113 270 3146 a.
289 3097 392 3162 uipriore
403 3096 506 3160 radices,
517 3099 580 3149 VR.
598 3098 715 3162 uipricrca
726 3097 828 3160 radices,
841 3099 865 3148 d.
884 3137 916 3147 -
934 3095 1033 3158 inutilia,
1045 3112 1069 3146 a.

180 3192 253 3254 585.
276 3207 355 3254 quam,
372 3194 425 3242 Rd.
444 3191 533 3242 Omitt.
548 3191 632 3241 VTa.
656 3190 775 3241 <letarum
792 3206 815 3239 v.
832 3191 951 3239 Dioscor.
969 3197 993 3250 3,
1013 3195 1070 3239 161.
1093 3229 1124 3238 ..
1147 3187 1268 3250 caucum,

151 3251 281 3308 OVRTd
298 3256 383 3320 (codd.
401 3258 509 3309 Salmas.
527 3272 609 3307 exerc.
625 3274 651 3321 p.
666 3263 723 3308 420.
741 3274 763 3307 a.
779 3255 827 3320 D.)
845 3256 929 3317 aurbu,
945 3273 961 3306 a
981 3254 1038 3319 (alii
1055 3259 1127 3306 codd.
1146 3254 1267 3319 Salmas.)

146 3326 233 3387 camon,
245 3322 296 3390 βγ.
324 3325 433 3387 ariston,
450 3325 558 3376 Salmas.
582 3325 649 3375 Cum
669 3331 771 3389 recepta
787 3325 910 3387 scriptura
925 3325 984 3388 plus
1000 3325 1114 3374 minusve
1130 3325 1270 3374 concinunt

147 3396 220 3444 codd.
236 3395 326 3445 indicis
342 3395 399 3444 libri
415 3394 496 3457 primi.
518 3433 545 3441 -
570 3390 715 3454 surculacco,
728 3394 761 3444 K.
781 3433 812 3442 ..
830 3399 926 3454 natura,
940 3394 984 3442 ad.
1002 3399 1068 3452 nata,
1081 3392 1113 3441 V.
1133 3398 1192 3439 nata
1203 3397 1223 3452 a,
1236 3392 1268 3441 R.

147 3460 301 3591 -,⁸²m²}h
322 3465 367 3513 ad.
393 3459 498 3522 semina,
520 3461 583 3513 VR.
611 3461 668 3513 Om.
690 3476 709 3511 r.
737 3502 768 3510 ..
799 3459 902 3523 vaicue,
926 3452 1086 3512 ovatus.
1113 3457 1148 3508 ad
1166 3457 1269 3508 cubulos
1369 3508 1380 3513 ,

147 3545 246 3590 vaccae,
280 3566 285 3579 .

181 3616 195 3676 ἓ
216 3620 256 3664 86.
283 3613 366 3678 aliqui,
390 3615 472 3666 VRd.
499 3613 545 3664 alii
563 3614 611 3679 qui,
632 3632 655 3666 a.
681 3613 733 3676 alii,
747 3610 798 3679 βγ.
817 3656 848 3665 ..
876 3630 952 3677 curua,
973 3616 1047 3665 codd.
1068 3613 1176 3665 Salmas.
1203 3628 1268 3674 caro,

149 3676 301 3733 evasus
318 3680 374 3745 (alii
392 3685 465 3733 codd.
482 3682 602 3747 Salmas.)
620 3683 693 3744 curia,
710 3684 814 3734 Barbar.
832 3698 865 3733 cx
881 3683 1031 3734 Dioscorida
1047 3690 1071 3740 3,
1090 3675 1212 3744 1611916
1237 3721 1268 3730 ..

139 3747 216 3812 folia,
229 3750 274 3800 Rt
294 3791 325 3800 ..
344 3751 481 3810 tamaricac,
492 3753 598 3802 Barbar.
612 3792 643 3801 ..
662 3759 684 3800 et
699 3750 827 3800 minoribus
844 3766 874 3799 ac
889 3750 1029 3810 rudcutthua,
1041 3750 1075 3800 Κ.
1100 3789 1131 3798 ..
1152 3763 1225 3798 suove
1237 3745 1269 3796 le-

147 3816 216 3877 uiter,
233 3818 347 3867 VRTd.
369 3835 442 3867 mave
458 3817 547 3880 leviter,
565 3821 638 3870 codd.
655 3819 770 3869 Barbari.
792 3834 873 3880 suave,
891 3835 910 3868 r.
931 3835 984 3879 sua,
1000 3834 1023 3867 a.
1046 3816 1127 3866 leuiter
1144 3831 1223 3876 suave,
1238 3811 1268 3877 β.

148 3885 236 3935 Verba
248 3883 330 3934 leniter
340 3894 470 3935 acutum..
478 3886 650 3949 excalfactoria
662 3888 744 3936 omitt.
757 3903 789 3936 ar
800 3884 886 3949 (codd.
898 3882 1020 3948 Salmas.)
1038 3926 1069 3935 ..
1088 3892 1190 3946 acutum,
1203 3883 1269 3934 Gro-

148 3968 206 4002 nov.
218 3953 299 4004 RTd.
317 3951 417 4013 aculam,
428 3948 461 4003 V.
479 3952 619 4014 aculeatum,
632 3955 705 4004 codd.
718 3955 834 4015 Barbari,
845 3949 874 4014 β.
893 3994 924 4003 ..
942 3953 1029 4002 semiue
1041 3951 1222 4015 excalfacturia,
1234 3953 1270 4002 V.

149 4060 180 4068 ..
207 4019 364 4083 inflationem,
385 4021 506 4070 VK‘2ad.
534 4021 559 4068 ia
578 4021 756 4082 ammationeru,
776 4023 808 4071 lt.
835 4019 870 4068 ad
888 4019 1033 4083 inflationem
1066 4022 1112 4071 K¹.
1140 4062 1171 4070 ..
1194 4019 1270 4084 facit,

148 4087 272 4137 VRTK¹
280 4091 332 4138 adr
344 4085 432 4148 (codd.
445 4023 651 4152 salmacisactu
661 4086 804 4149 enterocelis,
815 4084 845 4149 β.
858 4086 933 4150 facit,
945 4057 1052 4138 conatii
1064 4086 1207 4151 enterocelia,
1219 4089 1269 4138 K‘2.

151 4195 181 4203 -
200 4152 249 4215 scd,
261 4156 390 4207 VRTad
402 4154 487 4217 (codd.
501 4154 622 4218 Salmas.)
641 4164 671 4223 et,
683 4173 701 4206 r.
713 4195 743 4204 ..
754 4171 807 4216 nou,
820 4155 889 4205 Rar.
907 4172 966 4218 mm,
979 4158 1016 4207 d¹.
1035 4172 1097 4220 uum,
1110 4159 1153 4208 d².
1172 4154 1270 4209 Om.V.

150 4263 181 4271 ..
199 4222 345 4288 struapuriu,
357 4224 419 4274 VR.
440 4264 470 4272 -
489 4223 607 4288 acchera
618 4225 651 4275 R.
669 4265 701 4275 ..
717 4220 859 4288 pleureticia
871 4224 903 4274 R.
