2918 4800
198 294 240 358 84
550 307 753 355 urrunsnrs
775 307 971 355 msronrsn

241 461 290 526 75.
314 459 433 525 Idaeus
453 444 554 524 rubirs
576 459 758 545 appellatus
780 471 842 539 est,
864 460 1017 545 quoniam
1037 459 1072 524 in
1086 459 1148 525 Ida
1161 483 1226 526 non
1239 461 1321 526 alius
1335 479 1385 528 las

196 562 356 638 nascitur3
378 572 426 627 est
447 574 554 626 autem
577 562 714 626 tenerior
735 585 772 626 ac
793 562 908 639 minor,
931 561 1107 628 rarioribus
1121 562 1254 628 calamis
1268 562 1320 627 in-

195 662 506 747 nocentioribusque,
536 662 596 728 sub
622 662 774 727 arborum
799 663 915 729 umbra
939 684 1088 728 nascens.
1123 661 1234 729 Huius
1259 665 1321 730 flos

195 788 267 831 cum
289 764 382 829 melle
404 763 564 850 epiphoris
584 764 730 828 inlinitur
744 776 777 828 et
790 763 921 850 ignibus
936 763 1036 829 saeris
1051 765 1321 850 stomachicisque

195 890 235 933 ex
262 889 346 952 aqua
374 865 533 932 bibendus
559 864 670 944 datur3
706 875 813 932 cetera
841 867 954 931 eadem
982 876 1126 951 praestat
1154 888 1237 950 quae
1264 890 1320 932 su-

193 991 253 1057 pra
274 969 369 1035 dicta.

237 1073 288 1136 76.
317 1071 409 1136 Inter
435 1090 556 1155 genera
581 1068 736 1135 ruborum
757 1068 906 1134 rhamnos
929 1067 1111 1156 appellatur
1131 1093 1151 1135 a
1173 1068 1319 1148 Graecis,
1334 1087 1383 1133 ras

193 1172 370 1249 candidior,
398 1170 584 1236 fruticosior
605 1181 639 1236 et
658 1192 765 1235 ramos
788 1187 946 1259 spargens
967 1171 1064 1236 rectis
1092 1172 1225 1250 aculeis,
1254 1194 1320 1237 non

193 1285 230 1341 ut
251 1274 349 1339 ceteri
370 1272 516 1350 aduncis,
544 1272 630 1337 foliis
656 1271 847 1348 maioribus3
876 1272 1013 1338 alterum
1035 1294 1143 1361 genus
1169 1274 1240 1339 eius
1262 1274 1318 1338 sil·

193 1385 312 1452 vestre,
340 1375 467 1463 nigrius
489 1384 523 1440 et
543 1373 682 1458 quadam
704 1384 798 1438 tenus
819 1372 940 1439 rubens
946 1397 956 1450 3
984 1374 1049 1439 fert
1069 1373 1169 1440 veluti
1190 1373 1318 1439 follicu-

192 1476 256 1553 los3
284 1475 392 1542 huius
408 1475 517 1541 radice
544 1476 676 1540 decocta
704 1474 738 1540 in
766 1497 851 1559 aqua
877 1475 915 1540 fit
940 1475 1210 1541 medicamentum
1231 1477 1320 1560 quod

193 1589 325 1645 vocatur
345 1577 499 1663 Lycium3
522 1599 631 1643 semen
653 1577 812 1642 secundas
827 1575 935 1642 trahit.
956 1576 1017 1642 Ille
1031 1588 1140 1643 autem
1154 1575 1320 1642 candidior

194 1679 367 1766 adstringit
387 1680 503 1766 magis,
524 1677 708 1765 refrigerat,
731 1677 975 1744 collectionibus
997 1690 1030 1743 et
1051 1678 1238 1744 volneribus
1259 1679 1318 1742 ad-

195 1780 433 1848 commodatior.
457 1779 551 1846 Folia
570 1780 738 1865 utriusque
761 1791 794 1846 et
815 1779 915 1846 cruda
936 1790 969 1846 et
989 1779 1124 1846 decocta
1143 1779 1321 1845 inlinuntur

194 1906 268 1950 cum
290 1884 371 1948 oleo.

238 1987 290 2050 tt.
312 1984 453 2069 Lycium
473 1983 692 2071 praestantius
707 1983 800 2072 spina
813 1981 884 2049 fieri
900 1983 1042 2062 tradunt,
1056 2005 1154 2068 quam
1167 1994 1201 2049 ct
1213 2005 1318 2071 pyxa-
1333 1999 1381 2046 12⁵

195 2086 331 2153 canthon
347 2086 534 2153 Chironiam
555 2096 682 2165 vocant,
704 2086 831 2171 qualem
851 2085 886 2150 in
900 2084 1023 2151 Indicis
1044 2084 1212 2151 arboribus
1234 2085 1318 2150 dixi·

194 2211 278 2268 mus,
305 2187 457 2272 quoniam
476 2188 572 2276 longe
593 2187 905 2275 praestantissimum
928 2186 1141 2254 existumatur
1160 2186 1319 2252 Indicum.

197 2285 367 2355 Coeuntur
391 2288 426 2353 iu
453 2310 538 2373 aqua
566 2288 653 2354 tunsi
677 2288 759 2353 rami
784 2287 973 2372 radicesque
1001 2310 1144 2353 summae
1166 2287 1319 2352 amaritu-

198 2390 282 2454 dinis
302 2410 397 2455 aereo
419 2411 497 2455 vase
511 2411 571 2475 per
584 2388 728 2454 triduum
740 2387 918 2473 iterumque
932 2399 1082 2475 exempto
1095 2388 1195 2477 ligno,
1217 2387 1320 2454 donee

195 2489 299 2556 mellis
322 2489 502 2555 crassitudo
522 2490 596 2569 fiat3
619 2489 818 2555 adulteratur
832 2488 949 2554 amaris
965 2491 1060 2568 sucis,
1081 2490 1178 2554 etiam
1192 2509 1321 2554 amurca
1398 2567 1402 2571 .

197 2601 229 2658 et
248 2589 321 2657 felle
341 2591 472 2658 bubulo.
506 2590 630 2678 Spuma
651 2591 721 2657 eius
743 2614 781 2656 ac
801 2591 861 2656 llos
881 2591 1011 2676 quidem
1033 2591 1197 2656 oculorum
1216 2589 1319 2655 medi·
1334 2607 1383 2653 ras

198 2692 353 2758 camentis
376 2692 555 2771 adduntur3
577 2692 700 2777 reliquo
722 2716 799 2759 suco
819 2693 934 2758 faciem
955 2704 1074 2779 purgat
1096 2702 1128 2757 et
1140 2713 1252 2778 psoras
1267 2712 1320 2756 sa·

197 2803 269 2873 nat,
305 2814 413 2861 erosos
440 2795 576 2884 angulos
603 2795 768 2861 oculorum
801 2806 991 2879 veteresque
1015 2794 1198 2871 fluctiones,
1232 2793 1321 2859 auris

233 3001 248 3064 ᾖ
262 3009 318 3054 123.
337 3003 371 3064 in,
382 3018 433 3053 om.
446 3020 469 3054 a.
488 3003 606 3055 Ceterum
619 3018 642 3053 v.
655 3004 772 3054 Dioscor.
786 3009 809 3064 t,
822 3009 863 3054 38.
878 3045 908 3052 -
921 3001 991 3063 elius,
1003 3002 1087 3053 VTd
1105 3001 1177 3062 alias,
1189 2997 1238 3063 ιβ,
1252 3004 1320 3065 qnod

199 3071 298 3121 delendi
315 3086 391 3135 posse
407 3073 468 3121 dicit
478 3073 563 3122 Hand.
576 3072 685 3122 Tursell.
700 3077 723 3131 l,
736 3076 794 3120 224.
812 3069 875 3131 alies,
891 3063 920 3119 θ.
939 3111 970 3120 ,
992 3071 1123 3127 rarioribus
1139 3069 1239 3119 calamis
1254 3070 1320 3119 inno-

198 3138 392 3202 centioribusque,
409 3154 432 3188 a.
459 3138 635 3202 rarioribusque
641 3137 723 3202 soliis,
738 3140 791 3189 Td.
816 3136 1005 3202 purioribusque,
1021 3139 1056 3188 V.
1078 3137 1173 3199 acuieh,
1191 3139 1259 3188 Pint.
1286 3177 1318 3188 ...

198 3205 399 3270 senatusque,
412 3209 473 3257 adr.
491 3206 654 3270 samsonque,
666 3208 700 3257 V.
718 3205 899 3269 sanctiusque,
910 3201 939 3267 β.
958 3245 990 3255 ..
1008 3222 1085 3269 supra
1100 3205 1166 3255 dictu
1179 3221 1269 3270 genera
1279 3221 1320 3254 ru·

199 3275 285 3334 borum⁸
297 3275 330 3326 K.

235 3340 250 3402 ξ
265 3346 321 3393 124.
340 3340 407 3391 Inter
416 3358 504 3406 genera
515 3343 634 3402 ruborum,
645 3342 721 3392 Vad.
739 3341 808 3392 Inter
818 3341 934 3406 spinosus,
943 3341 975 3392 Κ.
996 3381 1027 3390 ..
1050 3357 1153 3400 ramnus,
1165 3341 1199 3391 V.
1218 3381 1249 3390 ..
1259 3340 1320 3402 sru-

201 3409 296 3458 ticosior
307 3417 331 3457 et
341 3426 429 3470 runos,
440 3412 524 3462 VTd.
534 3412 623 3476 sruten
634 3409 741 3474 i'sfloret,
750 3407 788 3475 dp
795 3424 824 3474 φ.
842 3418 864 3457 et
871 3409 1017 3468 fruticosior.
1034 3407 1062 3457 Is
1064 3410 1140 3473 floret
1150 3425 1237 3467 ramos,
1250 3403 1320 3472 αβγ.

203 3474 335 3526 Candidior
351 3475 413 3525 ulter
429 3485 451 3526 et
460 3478 604 3542 fruticosior
614 3478 639 3528 in
650 3477 744 3542 sepibus
755 3479 827 3537 vireu
850 3494 937 3536 ramos,
949 3479 982 3528 K.
1009 3477 1096 3526 Verba
1113 3476 1137 3524 in
1152 3475 1246 3538 sepibus
1262 3476 1322 3524 viret

199 3545 346 3609 praeferunt
360 3545 504 3595 Pontedera
519 3547 646 3612 antiquitt.
663 3562 688 3610 p.
706 3550 764 3597 612.
783 3554 808 3594 et
828 3545 946 3595 Schneid.
964 3546 997 3594 ad
1015 3543 1115 3594 Colum.
1132 3543 1194 3593 VII.
1208 3550 1232 3604 9,
1245 3549 1268 3593 6.
1288 3584 1319 3592 .-

199 3611 277 3673 rectis,
289 3613 342 3662 Va.
361 3611 450 3671 erectis,
462 3614 516 3663 Td.
536 3654 566 3663 ..
585 3613 661 3665 Foliis
672 3612 800 3662 maioribus
811 3611 918 3672 aiterum,
930 3614 1074 3662 Pontedera
1087 3620 1112 3660 et
1123 3611 1269 3663 Schneider.
1288 3650 1320 3660 .-

200 3679 258 3740 eius,
269 3681 324 3730 Vd.
343 3687 385 3740 ert,
398 3696 413 3729 a
421 3674 471 3744 βγ.
490 3721 520 3729 -
540 3697 612 3744 aqua,
625 3685 685 3732 ed2.
704 3696 760 3743 qua,
772 3681 841 3730 Vd¹.
860 3721 890 3729 ,
913 3677 1056 3739 Hirsutum,
1069 3680 1105 3728 ita
1115 3694 1162 3729 nos
1174 3680 1321 3742 scripsimus

200 3762 236 3864 Z
242 3747 277 3808 V,
290 3749 333 3863 qlui
346 3755 435 3875 cirsterqq
442 3745 480 3796 ilie
492 3749 578 3808 habet,
591 3751 649 3799 coll.
663 3749 774 3800 Gronov.
792 3749 824 3796 ad
839 3747 894 3797 Liv,
910 3746 1025 3797 XXXV.
1043 3751 1083 3808 40,
1098 3754 1121 3796 8.
1143 3744 1223 3795 Aliter
1235 3744 1282 3807 illc,
1292 3761 1320 3810 ρ.

236 3816 292 3863 teri
309 3831 321 3861 e
342 3816 406 3864 Tad
458 3853 463 3865 .

235 3885 249 3947 5
265 3852 415 3946 ruspina,
427 3830 501 3933 iad.
519 3883 621 3946 erpino,
631 3878 683 3947 βγ.
703 3882 822 3934 Ceterum
833 3897 856 3931 r.
868 3884 984 3934 Dioscor.
996 3888 1018 3942 l,
1033 3888 1088 3932 132.
1109 3921 1138 3932 ..
1160 3879 1320 3944 piraitontii·

201 3957 294 4010 roman,
307 3950 341 3999 V.
355 3990 385 3998 -
400 3948 500 4013 qualern,
512 3950 598 4000 VKd.
616 3949 705 4013 quales,
717 3947 785 4015 αβγ.
800 3991 830 4000 ,
843 3950 876 4011 in,
889 3951 970 4000 omitt.
982 3951 1057 4000 Vad.
1070 3991 1101 3999 ..
1115 3947 1225 4008 diuinus,
1234 3954 1320 4008 1231.

201 4058 232 4067 ..
243 4016 361 4079 quonium,
373 4018 450 4067 Vad.
472 4017 587 4078 Omnium,
599 4019 632 4069 K.
643 4059 675 4069 ..
689 4016 823 4082 Coquuntur
834 4018 859 4066 in
871 4034 936 4081 aqua
948 4017 1001 4078 tusi,
1013 4032 1035 4067 a.
1057 4014 1192 4081 (loquuntur
1208 4017 1233 4066 in
1278 4033 1321 4065 uu·

201 4092 244 4146 tus,
257 4085 291 4133 V.
312 4080 418 4146 Coquunt
429 4084 495 4134 iuina
507 4085 598 4149 quavis,
612 4088 635 4136 d.
656 4127 686 4135 ..
703 4103 801 4146 summa
813 4087 847 4136 V.
861 4127 892 4136 ..
912 4102 975 4147 ause,
987 4087 1093 4137 VTad.
1113 4033 1277 4148 ueseferesi.
1288 4124 1320 4134 .-

201 4149 312 4210 triduum‚
325 4154 369 4201 ad.
389 4151 483 4212 tritium,
495 4155 529 4203 V.
549 4152 649 4202 triduum
666 4155 786 4216 mecauri,
798 4155 830 4205 K.
860 4195 890 4204 ..
918 4152 981 4218 liquo
997 4153 1082 4218 liquor,
1094 4154 1127 4203 Κ.
1155 4195 1186 4203 ..
1213 4152 1285 4209 smus,
1297 4169 1320 4202 a.

199 4236 275 4279 sucus,
287 4221 342 4270 Vd.
362 4260 392 4269 ..
411 4227 441 4281 et,
453 4221 536 4272 VTa.
554 4238 591 4283 ec,
603 4217 675 4286 ᾱβγ.

234 4290 248 4353 5
263 4292 319 4339 126.
339 4285 440 4352 quidem,
452 4288 500 4340 Tr.
519 4288 624 4354 quidam,
636 4285 759 4353 Vadssr.
783 4330 812 4338 -
836 4287 965 4352 adduntur,
977 4290 1030 4340 Td.
1048 4287 1149 4349 addunt,
1161 4288 1194 4338 V.
1213 4285 1320 4348 additur,
