<?xml version="1.0" encoding="UTF-8"?>
<!DOCTYPE html PUBLIC "-//W3C//DTD XHTML 1.0 Transitional//EN"
    "http://www.w3.org/TR/xhtml1/DTD/xhtml1-transitional.dtd">
<html xmlns="http://www.w3.org/1999/xhtml" xml:lang="en" lang="en">
 <head>
  <title>
</title>
<meta http-equiv="Content-Type" content="text/html;charset=utf-8" />
  <meta name='ocr-system' content='tesseract 3.04.00' />
  <meta name='ocr-capabilities' content='ocr_page ocr_carea ocr_par ocr_line ocrx_word'/>
</head>
<body>
  <div class='ocr_page' id='page_1' title='image "./cplinisecundina10plingoog_0127.png"; bbox 0 0 2918 4800; ppageno 0'>
   <div class='ocr_carea' id='block_1_1' title="bbox 196 286 969 348">
    <p class='ocr_par' dir='ltr' id='par_1_1' title="bbox 196 286 969 348">
     <span class='ocr_line' id='line_1_1' title="bbox 196 286 969 348; baseline -0.001 -1"><span class='ocrx_word' id='word_1_1' title='bbox 196 286 257 347; x_wconf 83' lang='lat' dir='ltr'>nc</span> <span class='ocrx_word' id='word_1_2' title='bbox 547 299 751 348; x_wconf 73' lang='lat' dir='ltr'>utrumme</span> <span class='ocrx_word' id='word_1_3' title='bbox 774 300 969 348; x_wconf 74' lang='lat' dir='ltr'>marorum</span> 
     </span>
    </p>
   </div>
   <div class='ocr_carea' id='block_1_2' title="bbox 96 451 1366 2972">
    <p class='ocr_par' dir='ltr' id='par_1_2' title="bbox 96 451 1366 2972">
     <span class='ocr_line' id='line_1_2' title="bbox 196 451 1363 538; baseline -0.001 -21"><span class='ocrx_word' id='word_1_4' title='bbox 196 463 229 517; x_wconf 92' lang='lat' dir='ltr'>et</span> <span class='ocrx_word' id='word_1_5' title='bbox 250 453 368 530; x_wconf 81' lang='lat' dir='ltr'>radice,</span> <span class='ocrx_word' id='word_1_6' title='bbox 391 452 559 517; x_wconf 83' lang='lat' dir='ltr'>temeraria</span> <span class='ocrx_word' id='word_1_7' title='bbox 578 452 613 516; x_wconf 92' lang='lat' dir='ltr'>in</span> <span class='ocrx_word' id='word_1_8' title='bbox 636 461 747 530; x_wconf 87' lang='lat' dir='ltr'>totum,</span> <span class='ocrx_word' id='word_1_9' title='bbox 769 462 805 516; x_wconf 87' lang='lat' dir='ltr'>ut</span> <span class='ocrx_word' id='word_1_10' title='bbox 825 453 972 530; x_wconf 86' lang='lat' dir='ltr'>arbitror,</span> <span class='ocrx_word' id='word_1_11' title='bbox 994 451 1161 517; x_wconf 85' lang='lat' dir='ltr'>medicina.</span> <span class='ocrx_word' id='word_1_12' title='bbox 1185 451 1318 538; x_wconf 83' lang='lat' dir='ltr'>Quippe</span> <span class='ocrx_word' id='word_1_13' title='bbox 1331 467 1363 516; x_wconf 80' lang='lat' dir='ltr'>st</span> 
     </span>
     <span class='ocr_line' id='line_1_3' title="bbox 195 553 1317 640; baseline -0.001 -22"><span class='ocrx_word' id='word_1_14' title='bbox 195 553 290 618; x_wconf 88' lang='lat' dir='ltr'>etiam</span> <span class='ocrx_word' id='word_1_15' title='bbox 312 553 397 620; x_wconf 83' lang='lat' dir='ltr'>foliis</span> <span class='ocrx_word' id='word_1_16' title='bbox 420 563 544 618; x_wconf 86' lang='lat' dir='ltr'>constat</span> <span class='ocrx_word' id='word_1_17' title='bbox 565 564 703 619; x_wconf 85' lang='lat' dir='ltr'>mentem</span> <span class='ocrx_word' id='word_1_18' title='bbox 725 554 902 640; x_wconf 89' lang='lat' dir='ltr'>conrumpi,</span> <span class='ocrx_word' id='word_1_19' title='bbox 933 554 959 618; x_wconf 90' lang='lat' dir='ltr'>si</span> <span class='ocrx_word' id='word_1_20' title='bbox 987 553 1199 639; x_wconf 89' lang='lat' dir='ltr'>pluraquam</span> <span class='ocrx_word' id='word_1_21' title='bbox 1222 561 1317 637; x_wconf 90' lang='lat' dir='ltr'>quat-</span> 
     </span>
     <span class='ocr_line' id='line_1_4' title="bbox 194 652 1317 740; baseline 0.002 -23"><span class='ocrx_word' id='word_1_22' title='bbox 194 665 265 718; x_wconf 89' lang='lat' dir='ltr'><strong>tuor</strong></span> <span class='ocrx_word' id='word_1_23' title='bbox 285 652 411 730; x_wconf 83' lang='lat' dir='ltr'>bibant3</span> <span class='ocrx_word' id='word_1_24' title='bbox 436 655 530 719; x_wconf 89' lang='lat' dir='ltr'>ctiam</span> <span class='ocrx_word' id='word_1_25' title='bbox 546 655 667 739; x_wconf 81' lang='lat' dir='ltr'><strong>antiqui</strong></span> <span class='ocrx_word' id='word_1_26' title='bbox 690 655 723 718; x_wconf 90' lang='lat' dir='ltr'>in</span> <span class='ocrx_word' id='word_1_27' title='bbox 742 655 818 720; x_wconf 88' lang='lat' dir='ltr'>vino</span> <span class='ocrx_word' id='word_1_28' title='bbox 837 655 952 720; x_wconf 88' lang='lat' dir='ltr'><strong>febrim</strong></span> <span class='ocrx_word' id='word_1_29' title='bbox 971 654 1089 740; x_wconf 85' lang='lat' dir='ltr'>depelli</span> <span class='ocrx_word' id='word_1_30' title='bbox 1110 653 1317 720; x_wconf 79' lang='lat' dir='ltr'>arbitrantur.</span> 
     </span>
     <span class='ocr_line' id='line_1_5' title="bbox 197 751 1317 840; baseline 0.001 -22"><span class='ocrx_word' id='word_1_31' title='bbox 197 751 314 818; x_wconf 91' lang='lat' dir='ltr'>Oleum</span> <span class='ocrx_word' id='word_1_32' title='bbox 342 755 378 819; x_wconf 88' lang='lat' dir='ltr'>fit</span> <span class='ocrx_word' id='word_1_33' title='bbox 407 779 448 821; x_wconf 88' lang='lat' dir='ltr'>ex</span> <span class='ocrx_word' id='word_1_34' title='bbox 476 757 607 834; x_wconf 90' lang='lat' dir='ltr'>semine,</span> <span class='ocrx_word' id='word_1_35' title='bbox 634 766 669 819; x_wconf 90' lang='lat' dir='ltr'>ut</span> <span class='ocrx_word' id='word_1_36' title='bbox 690 756 841 833; x_wconf 78' lang='lat' dir='ltr'>diximus,</span> <span class='ocrx_word' id='word_1_37' title='bbox 870 756 957 840; x_wconf 90' lang='lat' dir='ltr'>quod</span> <span class='ocrx_word' id='word_1_38' title='bbox 984 756 1092 840; x_wconf 91' lang='lat' dir='ltr'>ipsum</span> <span class='ocrx_word' id='word_1_39' title='bbox 1113 756 1245 822; x_wconf 89' lang='lat' dir='ltr'>auribus</span> <span class='ocrx_word' id='word_1_40' title='bbox 1266 756 1317 820; x_wconf 92' lang='lat' dir='ltr'>in·</span> 
     </span>
     <span class='ocr_line' id='line_1_6' title="bbox 195 856 1318 942; baseline 0.004 -24"><span class='ocrx_word' id='word_1_41' title='bbox 195 856 302 926; x_wconf 79' lang='lat' dir='ltr'>tirsum</span> <span class='ocrx_word' id='word_1_42' title='bbox 325 866 460 942; x_wconf 88' lang='lat' dir='ltr'>temptat</span> <span class='ocrx_word' id='word_1_43' title='bbox 481 867 637 934; x_wconf 83' lang='lat' dir='ltr'>mentem3</span> <span class='ocrx_word' id='word_1_44' title='bbox 660 856 804 940; x_wconf 89' lang='lat' dir='ltr'>mireque</span> <span class='ocrx_word' id='word_1_45' title='bbox 819 866 981 921; x_wconf 86' lang='lat' dir='ltr'>utcontra</span> <span class='ocrx_word' id='word_1_46' title='bbox 994 878 1154 921; x_wconf 87' lang='lat' dir='ltr'>venenum</span> <span class='ocrx_word' id='word_1_47' title='bbox 1175 857 1318 923; x_wconf 88' lang='lat' dir='ltr'>remedia</span> 
     </span>
     <span class='ocr_line' id='line_1_7' title="bbox 193 957 1317 1043; baseline 0.003 -23"><span class='ocrx_word' id='word_1_48' title='bbox 193 957 367 1042; x_wconf 91' lang='lat' dir='ltr'>prodidere</span> <span class='ocrx_word' id='word_1_49' title='bbox 395 958 435 1022; x_wconf 90' lang='lat' dir='ltr'>iis</span> <span class='ocrx_word' id='word_1_50' title='bbox 464 958 520 1041; x_wconf 89' lang='lat' dir='ltr'>qui</span> <span class='ocrx_word' id='word_1_51' title='bbox 542 958 576 1021; x_wconf 92' lang='lat' dir='ltr'>id</span> <span class='ocrx_word' id='word_1_52' title='bbox 596 957 754 1023; x_wconf 82' lang='lat' dir='ltr'>bibissent</span> <span class='ocrx_word' id='word_1_53' title='bbox 775 968 808 1021; x_wconf 91' lang='lat' dir='ltr'>et</span> <span class='ocrx_word' id='word_1_54' title='bbox 828 958 936 1043; x_wconf 89' lang='lat' dir='ltr'>ipsum</span> <span class='ocrx_word' id='word_1_55' title='bbox 957 980 1017 1042; x_wconf 91' lang='lat' dir='ltr'>pro</span> <span class='ocrx_word' id='word_1_56' title='bbox 1044 957 1206 1038; x_wconf 85' lang='lat' dir='ltr'>remediis,</span> <span class='ocrx_word' id='word_1_57' title='bbox 1235 959 1317 1024; x_wconf 88' lang='lat' dir='ltr'>adeo</span> 
     </span>
     <span class='ocr_line' id='line_1_8' title="bbox 190 1058 1317 1144; baseline 0.004 -24"><span class='ocrx_word' id='word_1_58' title='bbox 190 1058 278 1122; x_wconf 89' lang='lat' dir='ltr'>nullo</span> <span class='ocrx_word' id='word_1_59' title='bbox 292 1058 399 1124; x_wconf 89' lang='lat' dir='ltr'>omnia</span> <span class='ocrx_word' id='word_1_60' title='bbox 414 1058 600 1143; x_wconf 86' lang='lat' dir='ltr'>experiendi</span> <span class='ocrx_word' id='word_1_61' title='bbox 613 1058 688 1138; x_wconf 88' lang='lat' dir='ltr'>fine,</span> <span class='ocrx_word' id='word_1_62' title='bbox 710 1070 747 1123; x_wconf 90' lang='lat' dir='ltr'>ut</span> <span class='ocrx_word' id='word_1_63' title='bbox 762 1067 891 1144; x_wconf 86' lang='lat' dir='ltr'>cogeret</span> <span class='ocrx_word' id='word_1_64' title='bbox 905 1059 1000 1122; x_wconf 90' lang='lat' dir='ltr'>etiam</span> <span class='ocrx_word' id='word_1_65' title='bbox 1015 1080 1139 1124; x_wconf 88' lang='lat' dir='ltr'>venena</span> <span class='ocrx_word' id='word_1_66' title='bbox 1152 1059 1317 1144; x_wconf 85' lang='lat' dir='ltr'>prodesse.</span> 
     </span>
     <span class='ocr_line' id='line_1_9' title="bbox 235 1158 1362 1245; baseline -0.005 -19"><span class='ocrx_word' id='word_1_67' title='bbox 235 1159 278 1226; x_wconf 85' lang='lat' dir='ltr'>V.</span> <span class='ocrx_word' id='word_1_68' title='bbox 309 1162 358 1226; x_wconf 89' lang='lat'>18.</span> <span class='ocrx_word' id='word_1_69' title='bbox 385 1159 573 1224; x_wconf 88' lang='lat' dir='ltr'>Linozostis</span> <span class='ocrx_word' id='word_1_70' title='bbox 597 1160 664 1227; x_wconf 86' lang='lat' dir='ltr'>sive</span> <span class='ocrx_word' id='word_1_71' title='bbox 685 1158 876 1245; x_wconf 87' lang='lat' dir='ltr'>parthenion</span> <span class='ocrx_word' id='word_1_72' title='bbox 898 1158 1041 1224; x_wconf 90' lang='lat' dir='ltr'>Mercuri</span> <span class='ocrx_word' id='word_1_73' title='bbox 1062 1160 1230 1225; x_wconf 87' lang='lat' dir='ltr'>inventum</span> <span class='ocrx_word' id='word_1_74' title='bbox 1251 1170 1315 1237; x_wconf 88' lang='lat' dir='ltr'>est;</span> <span class='ocrx_word' id='word_1_75' title='bbox 1330 1177 1362 1221; x_wconf 85' lang='lat' dir='ltr'>aa</span> 
     </span>
     <span class='ocr_line' id='line_1_10' title="bbox 192 1257 1317 1345; baseline 0.001 -20"><span class='ocrx_word' id='word_1_76' title='bbox 192 1261 267 1326; x_wconf 91' lang='lat' dir='ltr'>ideo</span> <span class='ocrx_word' id='word_1_77' title='bbox 289 1262 376 1345; x_wconf 89' lang='lat' dir='ltr'>apud</span> <span class='ocrx_word' id='word_1_78' title='bbox 397 1257 541 1326; x_wconf 87' lang='lat' dir='ltr'>Graecos</span> <span class='ocrx_word' id='word_1_79' title='bbox 560 1261 759 1345; x_wconf 88' lang='lat' dir='ltr'>hermupoan</span> <span class='ocrx_word' id='word_1_80' title='bbox 781 1261 874 1326; x_wconf 90' lang='lat' dir='ltr'>multi</span> <span class='ocrx_word' id='word_1_81' title='bbox 896 1272 1013 1326; x_wconf 85' lang='lat' dir='ltr'>vocant</span> <span class='ocrx_word' id='word_1_82' title='bbox 1040 1283 1121 1339; x_wconf 88' lang='lat' dir='ltr'>eam,</span> <span class='ocrx_word' id='word_1_83' title='bbox 1149 1262 1236 1345; x_wconf 91' lang='lat' dir='ltr'>apud</span> <span class='ocrx_word' id='word_1_84' title='bbox 1258 1284 1317 1326; x_wconf 90' lang='lat' dir='ltr'>nos</span> 
     </span>
     <span class='ocr_line' id='line_1_11' title="bbox 192 1360 1318 1448; baseline 0 -22"><span class='ocrx_word' id='word_1_85' title='bbox 192 1384 304 1427; x_wconf 90' lang='lat' dir='ltr'>omnes</span> <span class='ocrx_word' id='word_1_86' title='bbox 326 1360 561 1427; x_wconf 81' lang='lat' dir='ltr'>Mercurialem.</span> <span class='ocrx_word' id='word_1_87' title='bbox 597 1361 674 1428; x_wconf 91' lang='lat' dir='ltr'>Duo</span> <span class='ocrx_word' id='word_1_88' title='bbox 696 1362 764 1426; x_wconf 89' lang='lat' dir='ltr'>eius</span> <span class='ocrx_word' id='word_1_89' title='bbox 786 1384 924 1448; x_wconf 87' lang='lat' dir='ltr'>genera:</span> <span class='ocrx_word' id='word_1_90' title='bbox 952 1362 1113 1427; x_wconf 88' lang='lat' dir='ltr'>masculus</span> <span class='ocrx_word' id='word_1_91' title='bbox 1141 1373 1174 1428; x_wconf 90' lang='lat' dir='ltr'>et</span> <span class='ocrx_word' id='word_1_92' title='bbox 1195 1363 1318 1427; x_wconf 87' lang='lat' dir='ltr'>femina</span> 
     </span>
     <span class='ocr_line' id='line_1_12' title="bbox 194 1462 1316 1547; baseline 0.002 -20"><span class='ocrx_word' id='word_1_93' title='bbox 194 1485 276 1547; x_wconf 89' lang='lat' dir='ltr'>quae</span> <span class='ocrx_word' id='word_1_94' title='bbox 299 1462 466 1542; x_wconf 85' lang='lat' dir='ltr'>efficacior,</span> <span class='ocrx_word' id='word_1_95' title='bbox 489 1463 579 1529; x_wconf 88' lang='lat' dir='ltr'>caule</span> <span class='ocrx_word' id='word_1_96' title='bbox 594 1462 736 1541; x_wconf 84' lang='lat' dir='ltr'>cubitali,</span> <span class='ocrx_word' id='word_1_97' title='bbox 758 1464 921 1528; x_wconf 90' lang='lat' dir='ltr'>interdum</span> <span class='ocrx_word' id='word_1_98' title='bbox 936 1485 1062 1529; x_wconf 86' lang='lat' dir='ltr'>ramoso</span> <span class='ocrx_word' id='word_1_99' title='bbox 1084 1463 1117 1527; x_wconf 92' lang='lat' dir='ltr'>in</span> <span class='ocrx_word' id='word_1_100' title='bbox 1139 1463 1316 1542; x_wconf 82' lang='lat' dir='ltr'>cacumine,</span> 
     </span>
     <span class='ocr_line' id='line_1_13' title="bbox 192 1564 1317 1650; baseline 0 -21"><span class='ocrx_word' id='word_1_101' title='bbox 192 1564 295 1649; x_wconf 87' lang='lat' dir='ltr'>ocimo</span> <span class='ocrx_word' id='word_1_102' title='bbox 310 1564 549 1650; x_wconf 86' lang='lat' dir='ltr'>angustioribus</span> <span class='ocrx_word' id='word_1_103' title='bbox 563 1565 658 1642; x_wconf 88' lang='lat' dir='ltr'>foliis,</span> <span class='ocrx_word' id='word_1_104' title='bbox 680 1564 837 1650; x_wconf 85' lang='lat' dir='ltr'>geniculis</span> <span class='ocrx_word' id='word_1_105' title='bbox 852 1564 971 1643; x_wconf 89' lang='lat' dir='ltr'>densis,</span> <span class='ocrx_word' id='word_1_106' title='bbox 995 1564 1117 1629; x_wconf 84' lang='lat' dir='ltr'>alarum</span> <span class='ocrx_word' id='word_1_107' title='bbox 1132 1565 1220 1630; x_wconf 88' lang='lat' dir='ltr'>cavis</span> <span class='ocrx_word' id='word_1_108' title='bbox 1234 1566 1317 1629; x_wconf 90' lang='lat' dir='ltr'>mul·</span> 
     </span>
     <span class='ocr_line' id='line_1_14' title="bbox 96 1665 1318 1754; baseline 0.001 -25"><span class='ocrx_word' id='word_1_109' title='bbox 96 1746 97 1750; x_wconf 9' lang='lat'>¹</span> <span class='ocrx_word' id='word_1_110' title='bbox 195 1665 247 1742; x_wconf 89' lang='lat' dir='ltr'>tis,</span> <span class='ocrx_word' id='word_1_111' title='bbox 277 1665 396 1730; x_wconf 90' lang='lat' dir='ltr'>semine</span> <span class='ocrx_word' id='word_1_112' title='bbox 423 1668 458 1730; x_wconf 92' lang='lat' dir='ltr'>in</span> <span class='ocrx_word' id='word_1_113' title='bbox 485 1665 641 1754; x_wconf 85' lang='lat' dir='ltr'>geniculis</span> <span class='ocrx_word' id='word_1_114' title='bbox 669 1666 881 1751; x_wconf 91' lang='lat' dir='ltr'>dependente,</span> <span class='ocrx_word' id='word_1_115' title='bbox 911 1665 1048 1730; x_wconf 88' lang='lat' dir='ltr'>feminae</span> <span class='ocrx_word' id='word_1_116' title='bbox 1069 1665 1209 1750; x_wconf 90' lang='lat' dir='ltr'>copiosa,</span> <span class='ocrx_word' id='word_1_117' title='bbox 1237 1666 1318 1730; x_wconf 87' lang='lat' dir='ltr'>mari</span> 
     </span>
     <span class='ocr_line' id='line_1_15' title="bbox 192 1766 1319 1852; baseline 0 -22"><span class='ocrx_word' id='word_1_118' title='bbox 192 1766 284 1830; x_wconf 89' lang='lat' dir='ltr'>iuxta</span> <span class='ocrx_word' id='word_1_119' title='bbox 304 1767 451 1852; x_wconf 85' lang='lat' dir='ltr'>genicula</span> <span class='ocrx_word' id='word_1_120' title='bbox 473 1778 587 1845; x_wconf 90' lang='lat' dir='ltr'>stante,</span> <span class='ocrx_word' id='word_1_121' title='bbox 615 1767 727 1831; x_wconf 87' lang='lat' dir='ltr'>rariori</span> <span class='ocrx_word' id='word_1_122' title='bbox 756 1790 794 1832; x_wconf 86' lang='lat' dir='ltr'>ac</span> <span class='ocrx_word' id='word_1_123' title='bbox 819 1767 910 1832; x_wconf 88' lang='lat' dir='ltr'>brevi</span> <span class='ocrx_word' id='word_1_124' title='bbox 937 1777 1156 1851; x_wconf 88' lang='lat' dir='ltr'>contortoque,</span> <span class='ocrx_word' id='word_1_125' title='bbox 1182 1767 1319 1831; x_wconf 86' lang='lat' dir='ltr'>feminae</span> 
     </span>
     <span class='ocr_line' id='line_1_16' title="bbox 193 1866 1364 1955; baseline -0.003 -22"><span class='ocrx_word' id='word_1_126' title='bbox 193 1868 297 1935; x_wconf 90' lang='lat' dir='ltr'>soluto</span> <span class='ocrx_word' id='word_1_127' title='bbox 318 1879 353 1933; x_wconf 89' lang='lat' dir='ltr'>et</span> <span class='ocrx_word' id='word_1_128' title='bbox 373 1868 521 1932; x_wconf 86' lang='lat' dir='ltr'>candida.</span> <span class='ocrx_word' id='word_1_129' title='bbox 543 1866 637 1933; x_wconf 84' lang='lat' dir='ltr'>Folia</span> <span class='ocrx_word' id='word_1_130' title='bbox 651 1867 794 1932; x_wconf 88' lang='lat' dir='ltr'>maribus</span> <span class='ocrx_word' id='word_1_131' title='bbox 808 1867 960 1955; x_wconf 85' lang='lat' dir='ltr'>nigriora,</span> <span class='ocrx_word' id='word_1_132' title='bbox 982 1868 1108 1933; x_wconf 80' lang='lat' dir='ltr'>feminis</span> <span class='ocrx_word' id='word_1_133' title='bbox 1123 1868 1318 1946; x_wconf 87' lang='lat' dir='ltr'>candidiora,</span> <span class='ocrx_word' id='word_1_134' title='bbox 1331 1885 1364 1929; x_wconf 83' lang='lat' dir='ltr'>aa</span> 
     </span>
     <span class='ocr_line' id='line_1_17' title="bbox 192 1968 1319 2056; baseline 0 -22"><span class='ocrx_word' id='word_1_135' title='bbox 192 1970 286 2034; x_wconf 85' lang='lat' dir='ltr'>radix</span> <span class='ocrx_word' id='word_1_136' title='bbox 313 1992 530 2055; x_wconf 87' lang='lat' dir='ltr'>supervacua,</span> <span class='ocrx_word' id='word_1_137' title='bbox 563 1970 759 2055; x_wconf 87' lang='lat' dir='ltr'>praetenuis.</span> <span class='ocrx_word' id='word_1_138' title='bbox 802 1968 988 2035; x_wconf 88' lang='lat' dir='ltr'>Nascuntur</span> <span class='ocrx_word' id='word_1_139' title='bbox 1020 1969 1054 2033; x_wconf 92' lang='lat' dir='ltr'>in</span> <span class='ocrx_word' id='word_1_140' title='bbox 1086 1969 1319 2056; x_wconf 86' lang='lat' dir='ltr'>campestribus</span> 
     </span>
     <span class='ocr_line' id='line_1_18' title="bbox 193 2071 1317 2157; baseline 0 -22"><span class='ocrx_word' id='word_1_141' title='bbox 193 2071 298 2136; x_wconf 88' lang='lat' dir='ltr'>cultis.</span> <span class='ocrx_word' id='word_1_142' title='bbox 331 2071 453 2136; x_wconf 92' lang='lat' dir='ltr'>Mirum</span> <span class='ocrx_word' id='word_1_143' title='bbox 477 2071 633 2156; x_wconf 89' lang='lat' dir='ltr'>estquod</span> <span class='ocrx_word' id='word_1_144' title='bbox 656 2071 696 2136; x_wconf 91' lang='lat' dir='ltr'>de</span> <span class='ocrx_word' id='word_1_145' title='bbox 717 2082 854 2155; x_wconf 91' lang='lat' dir='ltr'>utroque</span> <span class='ocrx_word' id='word_1_146' title='bbox 877 2093 1129 2157; x_wconf 87' lang='lat' dir='ltr'>eorumgenere</span> <span class='ocrx_word' id='word_1_147' title='bbox 1151 2071 1317 2156; x_wconf 86' lang='lat' dir='ltr'>proditur:</span> 
     </span>
     <span class='ocr_line' id='line_1_19' title="bbox 193 2173 1318 2265; baseline 0 -28"><span class='ocrx_word' id='word_1_148' title='bbox 193 2186 230 2237; x_wconf 92' lang='lat' dir='ltr'>ut</span> <span class='ocrx_word' id='word_1_149' title='bbox 250 2197 354 2238; x_wconf 91' lang='lat' dir='ltr'>mares</span> <span class='ocrx_word' id='word_1_150' title='bbox 376 2175 561 2260; x_wconf 85' lang='lat' dir='ltr'>gignantur,</span> <span class='ocrx_word' id='word_1_151' title='bbox 585 2174 670 2238; x_wconf 90' lang='lat' dir='ltr'>hunc</span> <span class='ocrx_word' id='word_1_152' title='bbox 685 2173 800 2251; x_wconf 83' lang='lat' dir='ltr'>iacere,</span> <span class='ocrx_word' id='word_1_153' title='bbox 822 2183 859 2237; x_wconf 92' lang='lat' dir='ltr'>ut</span> <span class='ocrx_word' id='word_1_154' title='bbox 872 2173 1017 2265; x_wconf 80' lang='lat' dir='ltr'>feminae,</span> <span class='ocrx_word' id='word_1_155' title='bbox 1039 2173 1143 2249; x_wconf 85' lang='lat' dir='ltr'>illam3</span> <span class='ocrx_word' id='word_1_156' title='bbox 1165 2174 1227 2239; x_wconf 92' lang='lat' dir='ltr'>hoc</span> <span class='ocrx_word' id='word_1_157' title='bbox 1241 2195 1318 2239; x_wconf 90' lang='lat' dir='ltr'>con-</span> 
     </span>
     <span class='ocr_line' id='line_1_20' title="bbox 195 2273 1319 2362; baseline 0 -22"><span class='ocrx_word' id='word_1_158' title='bbox 195 2276 332 2362; x_wconf 84' lang='lat' dir='ltr'>tingere,</span> <span class='ocrx_word' id='word_1_159' title='bbox 356 2276 383 2340; x_wconf 90' lang='lat' dir='ltr'>si</span> <span class='ocrx_word' id='word_1_160' title='bbox 404 2299 424 2340; x_wconf 88' lang='lat' dir='ltr'>a</span> <span class='ocrx_word' id='word_1_161' title='bbox 446 2285 604 2361; x_wconf 91' lang='lat' dir='ltr'>conceptu</span> <span class='ocrx_word' id='word_1_162' title='bbox 625 2276 772 2361; x_wconf 90' lang='lat' dir='ltr'>protinus</span> <span class='ocrx_word' id='word_1_163' title='bbox 788 2273 918 2339; x_wconf 88' lang='lat' dir='ltr'>bibatur</span> <span class='ocrx_word' id='word_1_164' title='bbox 935 2297 1032 2340; x_wconf 89' lang='lat' dir='ltr'>sucus</span> <span class='ocrx_word' id='word_1_165' title='bbox 1047 2275 1081 2339; x_wconf 91' lang='lat' dir='ltr'>in</span> <span class='ocrx_word' id='word_1_166' title='bbox 1101 2297 1198 2360; x_wconf 88' lang='lat' dir='ltr'>passo</span> <span class='ocrx_word' id='word_1_167' title='bbox 1220 2275 1319 2340; x_wconf 89' lang='lat' dir='ltr'>edan-</span> 
     </span>
     <span class='ocr_line' id='line_1_21' title="bbox 195 2366 1318 2462; baseline 0.001 -21"><span class='ocrx_word' id='word_1_168' title='bbox 195 2388 289 2441; x_wconf 89' lang='lat' dir='ltr'>turve</span> <span class='ocrx_word' id='word_1_169' title='bbox 310 2377 386 2441; x_wconf 86' lang='lat' dir='ltr'>folia</span> <span class='ocrx_word' id='word_1_170' title='bbox 407 2377 540 2442; x_wconf 87' lang='lat' dir='ltr'>decocta</span> <span class='ocrx_word' id='word_1_171' title='bbox 562 2399 603 2441; x_wconf 87' lang='lat' dir='ltr'>ex</span> <span class='ocrx_word' id='word_1_172' title='bbox 624 2377 694 2442; x_wconf 94' lang='lat' dir='ltr'>oleo</span> <span class='ocrx_word' id='word_1_173' title='bbox 718 2388 750 2442; x_wconf 92' lang='lat' dir='ltr'>et</span> <span class='ocrx_word' id='word_1_174' title='bbox 773 2376 837 2442; x_wconf 83' lang='lat' dir='ltr'>sale</span> <span class='ocrx_word' id='word_1_175' title='bbox 859 2377 910 2442; x_wconf 88' lang='lat' dir='ltr'>vel</span> <span class='ocrx_word' id='word_1_176' title='bbox 932 2376 1031 2441; x_wconf 88' lang='lat' dir='ltr'>cruda</span> <span class='ocrx_word' id='word_1_177' title='bbox 1053 2399 1094 2442; x_wconf 87' lang='lat' dir='ltr'>ex</span> <span class='ocrx_word' id='word_1_178' title='bbox 1116 2366 1222 2453; x_wconf 83' lang='lat' dir='ltr'>aceto3</span> <span class='ocrx_word' id='word_1_179' title='bbox 1246 2378 1318 2462; x_wconf 91' lang='lat' dir='ltr'>qui-</span> 
     </span>
     <span class='ocr_line' id='line_1_22' title="bbox 196 2477 1320 2564; baseline 0.004 -24"><span class='ocrx_word' id='word_1_180' title='bbox 196 2477 271 2541; x_wconf 87' lang='lat' dir='ltr'>dam</span> <span class='ocrx_word' id='word_1_181' title='bbox 291 2477 449 2542; x_wconf 90' lang='lat' dir='ltr'>decocunt</span> <span class='ocrx_word' id='word_1_182' title='bbox 470 2501 540 2543; x_wconf 89' lang='lat' dir='ltr'>eam</span> <span class='ocrx_word' id='word_1_183' title='bbox 561 2477 595 2541; x_wconf 92' lang='lat' dir='ltr'>in</span> <span class='ocrx_word' id='word_1_184' title='bbox 616 2500 700 2543; x_wconf 91' lang='lat' dir='ltr'>novo</span> <span class='ocrx_word' id='word_1_185' title='bbox 720 2478 811 2544; x_wconf 89' lang='lat' dir='ltr'>tiotili</span> <span class='ocrx_word' id='word_1_186' title='bbox 833 2501 905 2543; x_wconf 90' lang='lat' dir='ltr'>cum</span> <span class='ocrx_word' id='word_1_187' title='bbox 927 2477 1118 2564; x_wconf 88' lang='lat' dir='ltr'>heliotropio</span> <span class='ocrx_word' id='word_1_188' title='bbox 1140 2488 1173 2543; x_wconf 89' lang='lat' dir='ltr'>et</span> <span class='ocrx_word' id='word_1_189' title='bbox 1194 2479 1320 2544; x_wconf 85' lang='lat' dir='ltr'>duabus</span> 
     </span>
     <span class='ocr_line' id='line_1_23' title="bbox 197 2571 1366 2666; baseline -0.004 -24"><span class='ocrx_word' id='word_1_190' title='bbox 197 2589 254 2643; x_wconf 88' lang='lat' dir='ltr'>aut</span> <span class='ocrx_word' id='word_1_191' title='bbox 276 2577 378 2643; x_wconf 90' lang='lat' dir='ltr'>tribus</span> <span class='ocrx_word' id='word_1_192' title='bbox 400 2580 508 2666; x_wconf 91' lang='lat' dir='ltr'>spicis,</span> <span class='ocrx_word' id='word_1_193' title='bbox 532 2579 634 2645; x_wconf 92' lang='lat' dir='ltr'>donec</span> <span class='ocrx_word' id='word_1_194' title='bbox 655 2591 880 2665; x_wconf 86' lang='lat' dir='ltr'>percoquatur.</span> <span class='ocrx_word' id='word_1_195' title='bbox 916 2579 1094 2646; x_wconf 90' lang='lat' dir='ltr'>Decoctum</span> <span class='ocrx_word' id='word_1_196' title='bbox 1117 2571 1186 2644; x_wconf 86' lang='lat' dir='ltr'>dari</span> <span class='ocrx_word' id='word_1_197' title='bbox 1207 2580 1320 2645; x_wconf 89' lang='lat' dir='ltr'>iubent</span> <span class='ocrx_word' id='word_1_198' title='bbox 1333 2594 1366 2638; x_wconf 81' lang='lat'>40</span> 
     </span>
     <span class='ocr_line' id='line_1_24' title="bbox 198 2678 1320 2768; baseline 0 -23"><span class='ocrx_word' id='word_1_199' title='bbox 198 2691 228 2745; x_wconf 90' lang='lat' dir='ltr'>et</span> <span class='ocrx_word' id='word_1_200' title='bbox 249 2678 381 2745; x_wconf 89' lang='lat' dir='ltr'>herbam</span> <span class='ocrx_word' id='word_1_201' title='bbox 410 2681 513 2766; x_wconf 83' lang='lat' dir='ltr'>ipsam</span> <span class='ocrx_word' id='word_1_202' title='bbox 542 2682 575 2745; x_wconf 93' lang='lat' dir='ltr'>in</span> <span class='ocrx_word' id='word_1_203' title='bbox 601 2682 673 2747; x_wconf 91' lang='lat' dir='ltr'>cibo</span> <span class='ocrx_word' id='word_1_204' title='bbox 702 2682 800 2747; x_wconf 86' lang='lat' dir='ltr'>altero</span> <span class='ocrx_word' id='word_1_205' title='bbox 827 2682 879 2746; x_wconf 93' lang='lat' dir='ltr'>die</span> <span class='ocrx_word' id='word_1_206' title='bbox 905 2683 1106 2768; x_wconf 86' lang='lat' dir='ltr'>purgationis</span> <span class='ocrx_word' id='word_1_207' title='bbox 1132 2679 1320 2749; x_wconf 91' lang='lat' dir='ltr'>mulieribus</span> 
     </span>
     <span class='ocr_line' id='line_1_25' title="bbox 199 2782 1319 2870; baseline 0.002 -25"><span class='ocrx_word' id='word_1_208' title='bbox 199 2804 257 2867; x_wconf 90' lang='lat' dir='ltr'>per</span> <span class='ocrx_word' id='word_1_209' title='bbox 281 2782 432 2861; x_wconf 88' lang='lat' dir='ltr'>triduum,</span> <span class='ocrx_word' id='word_1_210' title='bbox 455 2794 569 2868; x_wconf 88' lang='lat' dir='ltr'>quarto</span> <span class='ocrx_word' id='word_1_211' title='bbox 584 2783 636 2849; x_wconf 89' lang='lat' dir='ltr'>die</span> <span class='ocrx_word' id='word_1_212' title='bbox 658 2807 678 2848; x_wconf 89' lang='lat' dir='ltr'>a</span> <span class='ocrx_word' id='word_1_213' title='bbox 699 2782 825 2848; x_wconf 85' lang='lat' dir='ltr'>balineo</span> <span class='ocrx_word' id='word_1_214' title='bbox 840 2784 925 2849; x_wconf 90' lang='lat' dir='ltr'>coire</span> <span class='ocrx_word' id='word_1_215' title='bbox 940 2806 1004 2849; x_wconf 88' lang='lat' dir='ltr'>eas.</span> <span class='ocrx_word' id='word_1_216' title='bbox 1026 2783 1243 2870; x_wconf 87' lang='lat' dir='ltr'>Hippocrates</span> <span class='ocrx_word' id='word_1_217' title='bbox 1257 2783 1319 2849; x_wconf 90' lang='lat' dir='ltr'>mi-</span> 
     </span>
     <span class='ocr_line' id='line_1_26' title="bbox 198 2882 1319 2972; baseline 0.004 -24"><span class='ocrx_word' id='word_1_218' title='bbox 198 2884 243 2948; x_wconf 87' lang='lat' dir='ltr'>ris</span> <span class='ocrx_word' id='word_1_219' title='bbox 264 2882 415 2950; x_wconf 86' lang='lat' dir='ltr'>laudibus</span> <span class='ocrx_word' id='word_1_220' title='bbox 436 2885 471 2949; x_wconf 93' lang='lat' dir='ltr'>in</span> <span class='ocrx_word' id='word_1_221' title='bbox 491 2886 660 2951; x_wconf 92' lang='lat' dir='ltr'>mulierum</span> <span class='ocrx_word' id='word_1_222' title='bbox 681 2908 744 2951; x_wconf 91' lang='lat' dir='ltr'>usu</span> <span class='ocrx_word' id='word_1_223' title='bbox 766 2885 963 2972; x_wconf 86' lang='lat' dir='ltr'>praedicavit</span> <span class='ocrx_word' id='word_1_224' title='bbox 984 2886 1058 2963; x_wconf 88' lang='lat' dir='ltr'>has;</span> <span class='ocrx_word' id='word_1_225' title='bbox 1080 2886 1122 2951; x_wconf 85' lang='lat' dir='ltr'>ud</span> <span class='ocrx_word' id='word_1_226' title='bbox 1143 2886 1229 2952; x_wconf 90' lang='lat' dir='ltr'>hunc</span> <span class='ocrx_word' id='word_1_227' title='bbox 1251 2909 1319 2953; x_wconf 94' lang='lat' dir='ltr'>mo-</span> 
     </span>
    </p>
   </div>
   <div class='ocr_carea' id='block_1_3' title="bbox 194 3052 1325 4343">
    <p class='ocr_par' dir='ltr' id='par_1_3' title="bbox 199 3052 1322 3669">
     <span class='ocr_line' id='line_1_27' title="bbox 234 3052 1321 3126; baseline -0.002 -16"><span class='ocrx_word' id='word_1_228' title='bbox 234 3062 301 3123; x_wconf 78' lang='lat'>§37.</span> <span class='ocrx_word' id='word_1_229' title='bbox 320 3059 407 3117; x_wconf 74' lang='lat' dir='ltr'>bibant,</span> <span class='ocrx_word' id='word_1_230' title='bbox 424 3052 531 3111; x_wconf 68' lang='lat' dir='ltr'>evae.</span> <span class='ocrx_word' id='word_1_231' title='bbox 550 3062 666 3121; x_wconf 69' lang='lat' dir='ltr'>habeatur,</span> <span class='ocrx_word' id='word_1_232' title='bbox 678 3056 782 3126; x_wconf 71' lang='lat' dir='ltr'>Kdssr.</span> <span class='ocrx_word' id='word_1_233' title='bbox 796 3102 827 3110; x_wconf 84' lang='lat'><em>-</em></span> <span class='ocrx_word' id='word_1_234' title='bbox 845 3060 924 3122; x_wconf 78' lang='lat' dir='ltr'>etiam,</span> <span class='ocrx_word' id='word_1_235' title='bbox 940 3054 1070 3113; x_wconf 69' lang='lat' dir='ltr'>datad.</span> <span class='ocrx_word' id='word_1_236' title='bbox 1091 3059 1190 3121; x_wconf 76' lang='lat' dir='ltr'>tametsi,</span> <span class='ocrx_word' id='word_1_237' title='bbox 1202 3060 1235 3109; x_wconf 89' lang='lat' dir='ltr'>K.</span> <span class='ocrx_word' id='word_1_238' title='bbox 1252 3060 1321 3109; x_wconf 85' lang='lat' dir='ltr'>Mihi</span> 
     </span>
     <span class='ocr_line' id='line_1_28' title="bbox 200 3128 1322 3194; baseline -0.003 -15"><span class='ocrx_word' id='word_1_239' title='bbox 200 3128 325 3192; x_wconf 87' lang='lat' dir='ltr'>scriptura</span> <span class='ocrx_word' id='word_1_240' title='bbox 336 3130 441 3192; x_wconf 78' lang='lat' dir='ltr'>vulgata</span> <span class='ocrx_word' id='word_1_241' title='bbox 452 3144 497 3192; x_wconf 87' lang='lat' dir='ltr'>per</span> <span class='ocrx_word' id='word_1_242' title='bbox 508 3130 534 3178; x_wconf 91' lang='lat' dir='ltr'><strong>K</strong></span> <span class='ocrx_word' id='word_1_243' title='bbox 545 3130 698 3194; x_wconf 86' lang='lat' dir='ltr'>interpolata</span> <span class='ocrx_word' id='word_1_244' title='bbox 709 3144 780 3179; x_wconf 92' lang='lat' dir='ltr'>mero</span> <span class='ocrx_word' id='word_1_245' title='bbox 793 3131 953 3179; x_wconf 85' lang='lat' dir='ltr'>librariorum</span> <span class='ocrx_word' id='word_1_246' title='bbox 964 3131 1045 3180; x_wconf 89' lang='lat' dir='ltr'>errori</span> <span class='ocrx_word' id='word_1_247' title='bbox 1056 3131 1141 3180; x_wconf 87' lang='lat' dir='ltr'>deberi</span> <span class='ocrx_word' id='word_1_248' title='bbox 1152 3128 1259 3188; x_wconf 87' lang='lat' dir='ltr'>ridetur,</span> <span class='ocrx_word' id='word_1_249' title='bbox 1277 3129 1322 3191; x_wconf 90' lang='lat' dir='ltr'>qui</span> 
     </span>
     <span class='ocr_line' id='line_1_29' title="bbox 199 3196 1321 3262; baseline -0.001 -16"><span class='ocrx_word' id='word_1_250' title='bbox 199 3198 350 3261; x_wconf 87' lang='lat' dir='ltr'>particulam</span> <span class='ocrx_word' id='word_1_251' title='bbox 368 3212 401 3247; x_wconf 89' lang='lat' dir='ltr'>ex</span> <span class='ocrx_word' id='word_1_252' title='bbox 423 3198 593 3262; x_wconf 88' lang='lat' dir='ltr'>superioribus</span> <span class='ocrx_word' id='word_1_253' title='bbox 611 3199 678 3246; x_wconf 90' lang='lat' dir='ltr'>male</span> <span class='ocrx_word' id='word_1_254' title='bbox 694 3199 854 3262; x_wconf 81' lang='lat' dir='ltr'>repetebant3</span> <span class='ocrx_word' id='word_1_255' title='bbox 875 3206 944 3247; x_wconf 87' lang='lat' dir='ltr'>certe</span> <span class='ocrx_word' id='word_1_256' title='bbox 965 3198 1035 3248; x_wconf 90' lang='lat' dir='ltr'>nullo</span> <span class='ocrx_word' id='word_1_257' title='bbox 1057 3200 1135 3248; x_wconf 89' lang='lat' dir='ltr'>modo</span> <span class='ocrx_word' id='word_1_258' title='bbox 1152 3212 1183 3246; x_wconf 84' lang='lat' dir='ltr'>ea</span> <span class='ocrx_word' id='word_1_259' title='bbox 1198 3196 1321 3260; x_wconf 85' lang='lat' dir='ltr'>explicari</span> 
     </span>
     <span class='ocr_line' id='line_1_30' title="bbox 200 3259 1321 3330; baseline -0.002 -16"><span class='ocrx_word' id='word_1_260' title='bbox 200 3272 292 3328; x_wconf 87' lang='lat' dir='ltr'>potest.</span> <span class='ocrx_word' id='word_1_261' title='bbox 311 3307 341 3315; x_wconf 85' lang='grc'>-</span> <span class='ocrx_word' id='word_1_262' title='bbox 352 3265 452 3328; x_wconf 81' lang='lat' dir='ltr'>febrim,</span> <span class='ocrx_word' id='word_1_263' title='bbox 468 3259 579 3316; x_wconf 76' lang='grc'><strong>611111.</strong></span> <span class='ocrx_word' id='word_1_264' title='bbox 589 3264 667 3327; x_wconf 75' lang='lat' dir='ltr'>febri,</span> <span class='ocrx_word' id='word_1_265' title='bbox 681 3283 703 3315; x_wconf 87' lang='lat' dir='ltr'>a.</span> <span class='ocrx_word' id='word_1_266' title='bbox 713 3266 816 3329; x_wconf 76' lang='lat' dir='ltr'>fabren,</span> <span class='ocrx_word' id='word_1_267' title='bbox 827 3261 879 3330; x_wconf 78' lang='grc' dir='ltr'>βγ.</span> <span class='ocrx_word' id='word_1_268' title='bbox 891 3308 922 3315; x_wconf 86' lang='grc'>-</span> <span class='ocrx_word' id='word_1_269' title='bbox 942 3265 1100 3324; x_wconf 79' lang='lat' dir='ltr'>arbitrantur,</span> <span class='ocrx_word' id='word_1_270' title='bbox 1112 3268 1149 3316; x_wconf 84' lang='lat' dir='ltr'>ita</span> <span class='ocrx_word' id='word_1_271' title='bbox 1159 3280 1207 3315; x_wconf 86' lang='lat' dir='ltr'>nas</span> <span class='ocrx_word' id='word_1_272' title='bbox 1220 3265 1321 3328; x_wconf 89' lang='lat' dir='ltr'>scripsi·</span> 
     </span>
     <span class='ocr_line' id='line_1_31' title="bbox 199 3330 1321 3398; baseline -0.003 -16"><span class='ocrx_word' id='word_1_273' title='bbox 199 3348 263 3382; x_wconf 87' lang='lat' dir='ltr'>mus.</span> <span class='ocrx_word' id='word_1_274' title='bbox 282 3333 450 3395; x_wconf 64' lang='lat' dir='ltr'>arbitrante.</span> <span class='ocrx_word' id='word_1_275' title='bbox 473 3333 624 3387; x_wconf 77' lang='lat' dir='ltr'>arbitrantes.</span> <span class='ocrx_word' id='word_1_276' title='bbox 641 3335 717 3385; x_wconf 73' lang='lat' dir='ltr'>vad</span> <span class='ocrx_word' id='word_1_277' title='bbox 736 3331 877 3395; x_wconf 86' lang='lat' dir='ltr'>(Murbac.)</span> <span class='ocrx_word' id='word_1_278' title='bbox 904 3330 1156 3398; x_wconf 72' lang='grc' dir='ltr'><strong>αν1ἱίναὸαηΐιιν,βγ.</strong></span> <span class='ocrx_word' id='word_1_279' title='bbox 1178 3374 1209 3383; x_wconf 93' lang='lat'>..</span> <span class='ocrx_word' id='word_1_280' title='bbox 1232 3331 1321 3390; x_wconf 88' lang='lat' dir='ltr'>Oleum,</span> 
     </span>
     <span class='ocr_line' id='line_1_32' title="bbox 199 3397 1321 3466; baseline -0.002 -16"><span class='ocrx_word' id='word_1_281' title='bbox 199 3400 283 3450; x_wconf 87' lang='lat' dir='ltr'>VRd.</span> <span class='ocrx_word' id='word_1_282' title='bbox 305 3400 341 3449; x_wconf 87' lang='lat' dir='ltr'>Et</span> <span class='ocrx_word' id='word_1_283' title='bbox 357 3397 524 3466; x_wconf 70' lang='lat' dir='ltr'>oleum,essr.</span> <span class='ocrx_word' id='word_1_284' title='bbox 549 3442 579 3450; x_wconf 85' lang='grc'>..</span> <span class='ocrx_word' id='word_1_285' title='bbox 607 3400 709 3450; x_wconf 74' lang='lat' dir='ltr'>diximus</span> <span class='ocrx_word' id='word_1_286' title='bbox 723 3408 761 3462; x_wconf 90' lang='lat'>15,</span> <span class='ocrx_word' id='word_1_287' title='bbox 775 3409 815 3452; x_wconf 83' lang='lat'>30.</span> <span class='ocrx_word' id='word_1_288' title='bbox 835 3407 875 3462; x_wconf 79' lang='lat'>23,</span> <span class='ocrx_word' id='word_1_289' title='bbox 889 3407 930 3451; x_wconf 77' lang='lat'>94.</span> <span class='ocrx_word' id='word_1_290' title='bbox 958 3443 990 3450; x_wconf 82' lang='lat'>-</span> <span class='ocrx_word' id='word_1_291' title='bbox 1017 3410 1112 3450; x_wconf 70' lang='lat' dir='ltr'>menam</span> <span class='ocrx_word' id='word_1_292' title='bbox 1130 3401 1270 3463; x_wconf 66' lang='lat' dir='ltr'>temptata.</span> <span class='ocrx_word' id='word_1_293' title='bbox 1290 3439 1321 3449; x_wconf 90' lang='grc'>...</span> 
     </span>
     <span class='ocr_line' id='line_1_33' title="bbox 199 3464 1322 3534; baseline 0.001 -19"><span class='ocrx_word' id='word_1_294' title='bbox 199 3467 336 3531; x_wconf 83' lang='lat' dir='ltr'>mirumque,</span> <span class='ocrx_word' id='word_1_295' title='bbox 347 3470 380 3518; x_wconf 88' lang='lat' dir='ltr'>K.</span> <span class='ocrx_word' id='word_1_296' title='bbox 405 3509 436 3518; x_wconf 83' lang='grc'>..</span> <span class='ocrx_word' id='word_1_297' title='bbox 459 3468 497 3530; x_wconf 84' lang='lat' dir='ltr'>iis,</span> <span class='ocrx_word' id='word_1_298' title='bbox 510 3471 540 3520; x_wconf 83' lang='lat' dir='ltr'>R.</span> <span class='ocrx_word' id='word_1_299' title='bbox 559 3464 707 3533; x_wconf 71' lang='grc' dir='ltr'><strong>11,αᾶβγ.</strong></span> <span class='ocrx_word' id='word_1_300' title='bbox 725 3469 757 3518; x_wconf 91' lang='lat' dir='ltr'>In</span> <span class='ocrx_word' id='word_1_301' title='bbox 768 3470 794 3519; x_wconf 93' lang='lat' dir='ltr'>V</span> <span class='ocrx_word' id='word_1_302' title='bbox 806 3477 890 3519; x_wconf 85' lang='lat' dir='ltr'>exstat</span> <span class='ocrx_word' id='word_1_303' title='bbox 906 3468 922 3529; x_wconf 85' lang='lat' dir='ltr'>i,</span> <span class='ocrx_word' id='word_1_304' title='bbox 939 3476 998 3519; x_wconf 87' lang='lat' dir='ltr'>ante</span> <span class='ocrx_word' id='word_1_305' title='bbox 1014 3478 1111 3534; x_wconf 85' lang='lat' dir='ltr'>etpost</span> <span class='ocrx_word' id='word_1_306' title='bbox 1126 3471 1193 3520; x_wconf 86' lang='lat' dir='ltr'>hanc</span> <span class='ocrx_word' id='word_1_307' title='bbox 1210 3468 1322 3518; x_wconf 86' lang='lat' dir='ltr'>litteram</span> 
     </span>
     <span class='ocr_line' id='line_1_34' title="bbox 199 3535 1322 3602; baseline -0.001 -18"><span class='ocrx_word' id='word_1_308' title='bbox 199 3535 283 3585; x_wconf 83' lang='lat' dir='ltr'>littera</span> <span class='ocrx_word' id='word_1_309' title='bbox 295 3551 375 3597; x_wconf 84' lang='lat' dir='ltr'>erasa,</span> <span class='ocrx_word' id='word_1_310' title='bbox 388 3545 477 3599; x_wconf 87' lang='lat' dir='ltr'>postea</span> <span class='ocrx_word' id='word_1_311' title='bbox 490 3538 512 3586; x_wconf 90' lang='lat' dir='ltr'>ei</span> <span class='ocrx_word' id='word_1_312' title='bbox 524 3535 765 3600; x_wconf 80' lang='lat' dir='ltr'>litteratpreefixe.</span> <span class='ocrx_word' id='word_1_313' title='bbox 793 3576 819 3583; x_wconf 91' lang='lat'>..</span> <span class='ocrx_word' id='word_1_314' title='bbox 840 3535 925 3598; x_wconf 83' lang='lat' dir='ltr'>finem,</span> <span class='ocrx_word' id='word_1_315' title='bbox 937 3538 971 3586; x_wconf 89' lang='lat' dir='ltr'>V.</span> <span class='ocrx_word' id='word_1_316' title='bbox 995 3579 1027 3586; x_wconf 87' lang='grc'>-</span> <span class='ocrx_word' id='word_1_317' title='bbox 1050 3545 1149 3602; x_wconf 84' lang='lat' dir='ltr'>aoqeret,</span> <span class='ocrx_word' id='word_1_318' title='bbox 1162 3536 1266 3587; x_wconf 70' lang='lat' dir='ltr'>vltra.</span> <span class='ocrx_word' id='word_1_319' title='bbox 1284 3551 1322 3583; x_wconf 87' lang='lat' dir='ltr'>eo-</span> 
     </span>
     <span class='ocr_line' id='line_1_35' title="bbox 200 3599 1134 3669; baseline 0.004 -18"><span class='ocrx_word' id='word_1_320' title='bbox 200 3612 317 3669; x_wconf 80' lang='lat' dir='ltr'>qereutur,</span> <span class='ocrx_word' id='word_1_321' title='bbox 330 3599 381 3668; x_wconf 77' lang='grc' dir='ltr'>βγ.</span> <span class='ocrx_word' id='word_1_322' title='bbox 400 3603 577 3667; x_wconf 89' lang='lat' dir='ltr'>Supplendnm</span> <span class='ocrx_word' id='word_1_323' title='bbox 589 3614 628 3654; x_wconf 85' lang='lat' dir='ltr'>est</span> <span class='ocrx_word' id='word_1_324' title='bbox 638 3604 744 3668; x_wconf 80' lang='lat' dir='ltr'>experiri</span> <span class='ocrx_word' id='word_1_325' title='bbox 753 3605 903 3655; x_wconf 83' lang='lat' dir='ltr'>substantivi</span> <span class='ocrx_word' id='word_1_326' title='bbox 914 3605 974 3653; x_wconf 91' lang='lat' dir='ltr'>loco</span> <span class='ocrx_word' id='word_1_327' title='bbox 986 3606 1134 3667; x_wconf 84' lang='lat' dir='ltr'>cogitatum.</span> 
     </span>
    </p>

    <p class='ocr_par' dir='ltr' id='par_1_4' title="bbox 201 3670 1322 3934">
     <span class='ocr_line' id='line_1_36' title="bbox 234 3670 1322 3736; baseline -0.003 -14"><span class='ocrx_word' id='word_1_328' title='bbox 234 3670 298 3731; x_wconf 59' lang='grc'><strong>138.</strong></span> <span class='ocrx_word' id='word_1_329' title='bbox 311 3672 343 3721; x_wconf 91' lang='lat' dir='ltr'>In</span> <span class='ocrx_word' id='word_1_330' title='bbox 355 3673 429 3721; x_wconf 88' lang='lat' dir='ltr'>codd.</span> <span class='ocrx_word' id='word_1_331' title='bbox 441 3672 547 3722; x_wconf 83' lang='lat' dir='ltr'>VRTd</span> <span class='ocrx_word' id='word_1_332' title='bbox 559 3674 706 3723; x_wconf 86' lang='lat' dir='ltr'>exciderunt</span> <span class='ocrx_word' id='word_1_333' title='bbox 716 3675 746 3736; x_wconf 77' lang='lat'>§§</span> <span class='ocrx_word' id='word_1_334' title='bbox 756 3678 874 3733; x_wconf 71' lang='lat' dir='ltr'>ets-41,</span> <span class='ocrx_word' id='word_1_335' title='bbox 887 3673 919 3721; x_wconf 85' lang='lat' dir='ltr'>ud</span> <span class='ocrx_word' id='word_1_336' title='bbox 932 3674 1071 3733; x_wconf 80' lang='lat' dir='ltr'>marginem</span> <span class='ocrx_word' id='word_1_337' title='bbox 1081 3680 1165 3722; x_wconf 88' lang='lat' dir='ltr'>tamen</span> <span class='ocrx_word' id='word_1_338' title='bbox 1178 3674 1232 3722; x_wconf 74' lang='lat' dir='ltr'>cod.</span> <span class='ocrx_word' id='word_1_339' title='bbox 1242 3671 1269 3720; x_wconf 89' lang='lat' dir='ltr'><strong>V</strong></span> <span class='ocrx_word' id='word_1_340' title='bbox 1277 3672 1322 3720; x_wconf 86' lang='lat' dir='ltr'>ud-</span> 
     </span>
     <span class='ocr_line' id='line_1_37' title="bbox 201 3738 1322 3802; baseline 0.001 -15"><span class='ocrx_word' id='word_1_341' title='bbox 201 3740 294 3802; x_wconf 83' lang='lat' dir='ltr'>scriptu</span> <span class='ocrx_word' id='word_1_342' title='bbox 309 3749 368 3793; x_wconf 84' lang='lat' dir='ltr'>sunt</span> <span class='ocrx_word' id='word_1_343' title='bbox 382 3742 461 3790; x_wconf 86' lang='lat' dir='ltr'>rerba</span> <span class='ocrx_word' id='word_1_344' title='bbox 477 3740 517 3789; x_wconf 89' lang='lat' dir='ltr'>De</span> <span class='ocrx_word' id='word_1_345' title='bbox 530 3738 642 3788; x_wconf 76' lang='lat' dir='ltr'>linozom’s</span> <span class='ocrx_word' id='word_1_346' title='bbox 652 3740 701 3788; x_wconf 79' lang='lat' dir='ltr'>sive</span> <span class='ocrx_word' id='word_1_347' title='bbox 713 3738 850 3788; x_wconf 77' lang='lat' dir='ltr'>mercactali</span> <span class='ocrx_word' id='word_1_348' title='bbox 859 3738 918 3787; x_wconf 85' lang='lat' dir='ltr'>med.</span> <span class='ocrx_word' id='word_1_349' title='bbox 937 3738 1057 3790; x_wconf 86' lang='lat' dir='ltr'>Ceterum</span> <span class='ocrx_word' id='word_1_350' title='bbox 1069 3755 1092 3789; x_wconf 85' lang='lat' dir='ltr'>v.</span> <span class='ocrx_word' id='word_1_351' title='bbox 1106 3741 1322 3798; x_wconf 81' lang='lat' dir='ltr'>Dioscor.4,188.</span> 
     </span>
     <span class='ocr_line' id='line_1_38' title="bbox 203 3805 1322 3873; baseline 0.001 -20"><span class='ocrx_word' id='word_1_352' title='bbox 203 3845 231 3853; x_wconf 88' lang='grc'>..</span> <span class='ocrx_word' id='word_1_353' title='bbox 255 3806 437 3869; x_wconf 63' lang='lat' dir='ltr'>partheniae.</span> <span class='ocrx_word' id='word_1_354' title='bbox 465 3848 497 3855; x_wconf 77' lang='grc'>-</span> <span class='ocrx_word' id='word_1_355' title='bbox 524 3806 660 3871; x_wconf 82' lang='lat' dir='ltr'>hermupoa,</span> <span class='ocrx_word' id='word_1_356' title='bbox 673 3809 745 3858; x_wconf 89' lang='lat' dir='ltr'>codd.</span> <span class='ocrx_word' id='word_1_357' title='bbox 758 3808 872 3858; x_wconf 89' lang='lat' dir='ltr'>Barbari.</span> <span class='ocrx_word' id='word_1_358' title='bbox 900 3847 931 3855; x_wconf 78' lang='grc'>-</span> <span class='ocrx_word' id='word_1_359' title='bbox 959 3805 1263 3873; x_wconf 67' lang='lat' dir='ltr'>semaeeayenaatiass.</span> <span class='ocrx_word' id='word_1_360' title='bbox 1290 3847 1322 3854; x_wconf 87' lang='grc'>-</span> 
     </span>
     <span class='ocr_line' id='line_1_39' title="bbox 201 3874 333 3934; baseline 0.03 -15"><span class='ocrx_word' id='word_1_361' title='bbox 201 3874 333 3934; x_wconf 67' lang='lat' dir='ltr'>stantiae.</span> 
     </span>
    </p>

    <p class='ocr_par' dir='ltr' id='par_1_5' title="bbox 194 3937 1325 4142">
     <span class='ocr_line' id='line_1_40' title="bbox 236 3937 1323 4007; baseline 0 -16"><span class='ocrx_word' id='word_1_362' title='bbox 236 3943 250 4003; x_wconf 66' lang='lat'><strong>5</strong></span> <span class='ocrx_word' id='word_1_363' title='bbox 263 3947 303 3991; x_wconf 83' lang='grc'>38,</span> <span class='ocrx_word' id='word_1_364' title='bbox 322 3950 455 4004; x_wconf 70' lang='lat' dir='ltr'>concartau,</span> <span class='ocrx_word' id='word_1_365' title='bbox 468 3958 490 3992; x_wconf 90' lang='lat' dir='ltr'>a.</span> <span class='ocrx_word' id='word_1_366' title='bbox 509 3984 541 3992; x_wconf 89' lang='lat'>..</span> <span class='ocrx_word' id='word_1_367' title='bbox 557 3944 666 4007; x_wconf 78' lang='lat' dir='ltr'>protinus</span> <span class='ocrx_word' id='word_1_368' title='bbox 678 3943 772 3994; x_wconf 78' lang='lat' dir='ltr'>bibatur</span> <span class='ocrx_word' id='word_1_369' title='bbox 782 3959 857 4004; x_wconf 75' lang='lat' dir='ltr'>suaa,</span> <span class='ocrx_word' id='word_1_370' title='bbox 869 3958 892 3993; x_wconf 88' lang='lat' dir='ltr'>a.</span> <span class='ocrx_word' id='word_1_371' title='bbox 910 3958 992 3991; x_wconf 65' lang='lat' dir='ltr'>sucas</span> <span class='ocrx_word' id='word_1_372' title='bbox 998 3941 1106 4006; x_wconf 80' lang='lat' dir='ltr'>protinus</span> <span class='ocrx_word' id='word_1_373' title='bbox 1117 3942 1218 4002; x_wconf 85' lang='lat' dir='ltr'>bibatur,</span> <span class='ocrx_word' id='word_1_374' title='bbox 1229 3937 1280 4006; x_wconf 77' lang='grc' dir='ltr'>βγ.</span> <span class='ocrx_word' id='word_1_375' title='bbox 1291 3982 1323 3991; x_wconf 90' lang='grc'>..</span> 
     </span>
     <span class='ocr_line' id='line_1_41' title="bbox 194 4004 1325 4072; baseline 0.003 -18"><span class='ocrx_word' id='word_1_376' title='bbox 194 4005 270 4068; x_wconf 81' lang='lat' dir='ltr'>solta,</span> <span class='ocrx_word' id='word_1_377' title='bbox 286 4004 376 4072; x_wconf 72' lang='grc' dir='ltr'><em>φύλλα</em></span> <span class='ocrx_word' id='word_1_378' title='bbox 389 4005 450 4058; x_wconf 80' lang='grc' dir='ltr'><em>λεῖα</em></span> <span class='ocrx_word' id='word_1_379' title='bbox 461 4006 601 4071; x_wconf 82' lang='grc' dir='ltr'><em>πινόμενα,</em></span> <span class='ocrx_word' id='word_1_380' title='bbox 615 4013 729 4061; x_wconf 90' lang='lat' dir='ltr'>Dioscor.</span> <span class='ocrx_word' id='word_1_381' title='bbox 742 4028 768 4060; x_wconf 88' lang='lat' dir='ltr'>eo</span> <span class='ocrx_word' id='word_1_382' title='bbox 780 4010 804 4060; x_wconf 79' lang='lat' dir='ltr'>ia</span> <span class='ocrx_word' id='word_1_383' title='bbox 816 4011 857 4072; x_wconf 77' lang='lat' dir='ltr'>lia,</span> <span class='ocrx_word' id='word_1_384' title='bbox 869 4026 892 4059; x_wconf 90' lang='lat' dir='ltr'>a.</span> <span class='ocrx_word' id='word_1_385' title='bbox 911 4051 943 4059; x_wconf 86' lang='lat'>..</span> <span class='ocrx_word' id='word_1_386' title='bbox 962 4018 1011 4071; x_wconf 90' lang='lat' dir='ltr'>aut,</span> <span class='ocrx_word' id='word_1_387' title='bbox 1024 4026 1074 4060; x_wconf 92' lang='lat' dir='ltr'>om.</span> <span class='ocrx_word' id='word_1_388' title='bbox 1087 4025 1111 4061; x_wconf 87' lang='lat' dir='ltr'>a.</span> <span class='ocrx_word' id='word_1_389' title='bbox 1132 4052 1162 4060; x_wconf 78' lang='grc'>-</span> <span class='ocrx_word' id='word_1_390' title='bbox 1182 4007 1325 4059; x_wconf 80' lang='lat' dir='ltr'>trr&#39;buralir&#39;r</span> 
     </span>
     <span class='ocr_line' id='line_1_42' title="bbox 201 4073 1012 4142; baseline 0.006 -19"><span class='ocrx_word' id='word_1_391' title='bbox 201 4074 281 4138; x_wconf 68' lang='lat' dir='ltr'>spicia</span> <span class='ocrx_word' id='word_1_392' title='bbox 293 4078 327 4126; x_wconf 88' lang='lat' dir='ltr'>K.</span> <span class='ocrx_word' id='word_1_393' title='bbox 345 4118 377 4125; x_wconf 82' lang='lat'>-</span> <span class='ocrx_word' id='word_1_394' title='bbox 394 4086 560 4140; x_wconf 84' lang='lat' dir='ltr'>percoquatur,</span> <span class='ocrx_word' id='word_1_395' title='bbox 572 4081 605 4129; x_wconf 88' lang='lat' dir='ltr'>K.</span> <span class='ocrx_word' id='word_1_396' title='bbox 623 4087 746 4142; x_wconf 81' lang='lat' dir='ltr'>coquatur,</span> <span class='ocrx_word' id='word_1_397' title='bbox 758 4094 780 4128; x_wconf 87' lang='lat' dir='ltr'>a.</span> <span class='ocrx_word' id='word_1_398' title='bbox 799 4077 950 4142; x_wconf 81' lang='lat' dir='ltr'>decoquatur,</span> <span class='ocrx_word' id='word_1_399' title='bbox 961 4073 1012 4142; x_wconf 76' lang='grc' dir='ltr'>βγ.</span> 
     </span>
    </p>

    <p class='ocr_par' dir='ltr' id='par_1_6' title="bbox 201 4142 1322 4272">
     <span class='ocr_line' id='line_1_43' title="bbox 237 4142 1322 4210; baseline 0.003 -20"><span class='ocrx_word' id='word_1_400' title='bbox 237 4142 304 4203; x_wconf 70' lang='lat' dir='ltr'>§la</span> <span class='ocrx_word' id='word_1_401' title='bbox 322 4143 446 4206; x_wconf 77' lang='lat' dir='ltr'>muliebris,</span> <span class='ocrx_word' id='word_1_402' title='bbox 458 4147 490 4195; x_wconf 91' lang='lat' dir='ltr'>K.</span> <span class='ocrx_word' id='word_1_403' title='bbox 509 4187 540 4194; x_wconf 82' lang='lat'><em>-</em></span> <span class='ocrx_word' id='word_1_404' title='bbox 559 4155 644 4209; x_wconf 87' lang='lat' dir='ltr'>quarto</span> <span class='ocrx_word' id='word_1_405' title='bbox 656 4164 711 4196; x_wconf 88' lang='lat' dir='ltr'>vero</span> <span class='ocrx_word' id='word_1_406' title='bbox 723 4145 767 4210; x_wconf 78' lang='lat' dir='ltr'>ate,</span> <span class='ocrx_word' id='word_1_407' title='bbox 779 4146 869 4197; x_wconf 86' lang='lat' dir='ltr'>Dulce.</span> <span class='ocrx_word' id='word_1_408' title='bbox 893 4187 923 4196; x_wconf 91' lang='grc'>..</span> <span class='ocrx_word' id='word_1_409' title='bbox 942 4162 1016 4207; x_wconf 82' lang='lat' dir='ltr'>usum,</span> <span class='ocrx_word' id='word_1_410' title='bbox 1029 4165 1052 4197; x_wconf 87' lang='lat' dir='ltr'>a.</span> <span class='ocrx_word' id='word_1_411' title='bbox 1072 4188 1103 4195; x_wconf 82' lang='grc'><strong>-</strong></span> <span class='ocrx_word' id='word_1_412' title='bbox 1122 4153 1150 4194; x_wconf 91' lang='lat' dir='ltr'>at</span> <span class='ocrx_word' id='word_1_413' title='bbox 1165 4145 1231 4206; x_wconf 80' lang='lat' dir='ltr'>hunc,</span> <span class='ocrx_word' id='word_1_414' title='bbox 1244 4145 1277 4194; x_wconf 88' lang='lat' dir='ltr'>K.</span> <span class='ocrx_word' id='word_1_415' title='bbox 1292 4185 1322 4193; x_wconf 86' lang='grc'>.-</span> 
     </span>
     <span class='ocr_line' id='line_1_44' title="bbox 201 4209 525 4272; baseline 0.015 -14"><span class='ocrx_word' id='word_1_416' title='bbox 201 4209 253 4270; x_wconf 78' lang='lat' dir='ltr'>boc,</span> <span class='ocrx_word' id='word_1_417' title='bbox 265 4226 314 4261; x_wconf 91' lang='lat' dir='ltr'>om.</span> <span class='ocrx_word' id='word_1_418' title='bbox 324 4227 347 4261; x_wconf 87' lang='lat' dir='ltr'>a.</span> <span class='ocrx_word' id='word_1_419' title='bbox 366 4254 396 4262; x_wconf 79' lang='lat'>-</span> <span class='ocrx_word' id='word_1_420' title='bbox 416 4211 480 4272; x_wconf 82' lang='lat' dir='ltr'>dicit,</span> <span class='ocrx_word' id='word_1_421' title='bbox 492 4215 525 4263; x_wconf 90' lang='lat' dir='ltr'>K.</span> 
     </span>
    </p>

    <p class='ocr_par' dir='ltr' id='par_1_7' title="bbox 236 4277 1323 4343">
     <span class='ocr_line' id='line_1_45' title="bbox 236 4277 1323 4343; baseline 0 -15"><span class='ocrx_word' id='word_1_422' title='bbox 236 4281 251 4342; x_wconf 67' lang='grc' dir='ltr'><strong>ς</strong></span> <span class='ocrx_word' id='word_1_423' title='bbox 264 4285 304 4329; x_wconf 79' lang='lat' dir='ltr'>tl.</span> <span class='ocrx_word' id='word_1_424' title='bbox 323 4277 399 4343; x_wconf 76' lang='lat' dir='ltr'>atita,</span> <span class='ocrx_word' id='word_1_425' title='bbox 412 4284 485 4332; x_wconf 86' lang='lat' dir='ltr'>codd.</span> <span class='ocrx_word' id='word_1_426' title='bbox 499 4281 555 4332; x_wconf 85' lang='lat' dir='ltr'>Gel.</span> <span class='ocrx_word' id='word_1_427' title='bbox 573 4280 663 4341; x_wconf 67' lang='lat' dir='ltr'>solida,</span> <span class='ocrx_word' id='word_1_428' title='bbox 676 4297 699 4331; x_wconf 88' lang='lat' dir='ltr'>a.</span> <span class='ocrx_word' id='word_1_429' title='bbox 718 4323 748 4331; x_wconf 83' lang='grc'>-</span> <span class='ocrx_word' id='word_1_430' title='bbox 768 4298 830 4343; x_wconf 82' lang='lat' dir='ltr'>suco,</span> <span class='ocrx_word' id='word_1_431' title='bbox 842 4299 865 4332; x_wconf 86' lang='lat' dir='ltr'>a.</span> <span class='ocrx_word' id='word_1_432' title='bbox 879 4323 910 4330; x_wconf 89' lang='lat'>-</span> <span class='ocrx_word' id='word_1_433' title='bbox 923 4281 1017 4331; x_wconf 69' lang='lat' dir='ltr'>auexit</span> <span class='ocrx_word' id='word_1_434' title='bbox 1027 4297 1087 4343; x_wconf 86' lang='lat' dir='ltr'>cum,</span> <span class='ocrx_word' id='word_1_435' title='bbox 1099 4297 1122 4332; x_wconf 86' lang='lat' dir='ltr'>a.</span> <span class='ocrx_word' id='word_1_436' title='bbox 1137 4322 1167 4330; x_wconf 77' lang='grc'><strong>-</strong></span> <span class='ocrx_word' id='word_1_437' title='bbox 1180 4279 1270 4342; x_wconf 72' lang='lat' dir='ltr'>uesieu,</span> <span class='ocrx_word' id='word_1_438' title='bbox 1282 4294 1323 4329; x_wconf 83' lang='lat' dir='ltr'>ar.</span> 
     </span>
    </p>
   </div>
   <div class='ocr_carea' id='block_1_4' title="bbox 0 0 1482 4800">
    <p class='ocr_par' dir='ltr' id='par_1_8' title="bbox 0 0 1482 4800">
     <span class='ocr_line' id='line_1_46' title="bbox 0 0 1482 4800; baseline 0 0"><span class='ocrx_word' id='word_1_439' title='bbox 0 0 1482 4800; x_wconf 95' lang='lat' dir='ltr'> </span> 
     </span>
    </p>
   </div>
  </div>
 </body>
</html>
