<?xml version="1.0" encoding="UTF-8"?>
<!DOCTYPE html PUBLIC "-//W3C//DTD XHTML 1.0 Transitional//EN"
    "http://www.w3.org/TR/xhtml1/DTD/xhtml1-transitional.dtd">
<html xmlns="http://www.w3.org/1999/xhtml" xml:lang="en" lang="en">
 <head>
  <title>
</title>
<meta http-equiv="Content-Type" content="text/html;charset=utf-8" />
  <meta name='ocr-system' content='tesseract 3.04.00' />
  <meta name='ocr-capabilities' content='ocr_page ocr_carea ocr_par ocr_line ocrx_word'/>
</head>
<body>
  <div class='ocr_page' id='page_1' title='image "./cplinisecundina10plingoog_0255.png"; bbox 0 0 2918 4800; ppageno 0'>
   <div class='ocr_carea' id='block_1_1' title="bbox 202 274 974 335">
    <p class='ocr_par' dir='ltr' id='par_1_1' title="bbox 202 274 974 335">
     <span class='ocr_line' id='line_1_1' title="bbox 202 274 974 335; baseline -0.004 0"><span class='ocrx_word' id='word_1_1' title='bbox 202 274 264 335; x_wconf 76' lang='grc'>144</span> <span class='ocrx_word' id='word_1_2' title='bbox 552 287 755 334; x_wconf 64' lang='lat' dir='ltr'>auruncus</span> <span class='ocrx_word' id='word_1_3' title='bbox 779 287 974 334; x_wconf 81' lang='lat' dir='ltr'>nrsroamn</span> 
     </span>
    </p>
   </div>
   <div class='ocr_carea' id='block_1_2' title="bbox 133 438 1412 2858">
    <p class='ocr_par' dir='ltr' id='par_1_2' title="bbox 174 438 1328 627">
     <span class='ocr_line' id='line_1_2' title="bbox 200 438 1328 527; baseline -0.001 -21"><span class='ocrx_word' id='word_1_4' title='bbox 200 452 331 527; x_wconf 89' lang='lat' dir='ltr'>propter</span> <span class='ocrx_word' id='word_1_5' title='bbox 353 439 495 505; x_wconf 83' lang='lat' dir='ltr'>ischiada</span> <span class='ocrx_word' id='word_1_6' title='bbox 517 440 550 503; x_wconf 93' lang='lat' dir='ltr'>in</span> <span class='ocrx_word' id='word_1_7' title='bbox 572 439 646 503; x_wconf 87' lang='lat' dir='ltr'>vino</span> <span class='ocrx_word' id='word_1_8' title='bbox 673 438 846 504; x_wconf 77' lang='lat' dir='ltr'>bibendam</span> <span class='ocrx_word' id='word_1_9' title='bbox 869 452 900 503; x_wconf 90' lang='lat' dir='ltr'>et</span> <span class='ocrx_word' id='word_1_10' title='bbox 921 451 1055 524; x_wconf 91' lang='lat' dir='ltr'>propter</span> <span class='ocrx_word' id='word_1_11' title='bbox 1077 440 1212 504; x_wconf 89' lang='lat' dir='ltr'>tormina</span> <span class='ocrx_word' id='word_1_12' title='bbox 1235 462 1328 505; x_wconf 89' lang='lat' dir='ltr'>men-</span> 
     </span>
     <span class='ocr_line' id='line_1_3' title="bbox 174 542 479 627; baseline -0.013 -19"><span class='ocrx_word' id='word_1_13' title='bbox 174 591 176 595; x_wconf 46' lang='lat'>&lt;</span> <span class='ocrx_word' id='word_1_14' title='bbox 201 565 317 627; x_wconf 88' lang='lat' dir='ltr'>sesque</span> <span class='ocrx_word' id='word_1_15' title='bbox 339 542 479 608; x_wconf 83' lang='lat' dir='ltr'>ciendos.</span> 
     </span>
    </p>

    <p class='ocr_par' dir='ltr' id='par_1_3' title="bbox 199 642 1394 1447">
     <span class='ocr_line' id='line_1_4' title="bbox 244 642 1394 730; baseline -0.004 -19"><span class='ocrx_word' id='word_1_16' title='bbox 244 645 294 711; x_wconf 84' lang='lat'>93.</span> <span class='ocrx_word' id='word_1_17' title='bbox 320 644 431 730; x_wconf 90' lang='lat' dir='ltr'>Peplis</span> <span class='ocrx_word' id='word_1_18' title='bbox 453 666 549 727; x_wconf 88' lang='lat' dir='ltr'>quam</span> <span class='ocrx_word' id='word_1_19' title='bbox 570 642 669 726; x_wconf 87' lang='lat' dir='ltr'>aliqui</span> <span class='ocrx_word' id='word_1_20' title='bbox 697 665 806 728; x_wconf 80' lang='lat' dir='ltr'>sycen,</span> <span class='ocrx_word' id='word_1_21' title='bbox 835 642 889 707; x_wconf 90' lang='lat' dir='ltr'>alii</span> <span class='ocrx_word' id='word_1_22' title='bbox 911 643 1090 722; x_wconf 87' lang='lat' dir='ltr'>meconion,</span> <span class='ocrx_word' id='word_1_23' title='bbox 1118 644 1171 709; x_wconf 90' lang='lat' dir='ltr'>alii</span> <span class='ocrx_word' id='word_1_24' title='bbox 1193 667 1329 727; x_wconf 81' lang='lat' dir='ltr'>mecona</span> <span class='ocrx_word' id='word_1_25' title='bbox 1345 660 1394 707; x_wconf 81' lang='lat'>119</span> 
     </span>
     <span class='ocr_line' id='line_1_5' title="bbox 201 743 1326 833; baseline 0 -21"><span class='ocrx_word' id='word_1_26' title='bbox 201 747 341 833; x_wconf 88' lang='lat' dir='ltr'>aphrode</span> <span class='ocrx_word' id='word_1_27' title='bbox 376 755 507 823; x_wconf 89' lang='lat' dir='ltr'>vocant,</span> <span class='ocrx_word' id='word_1_28' title='bbox 536 768 577 809; x_wconf 87' lang='lat' dir='ltr'>ex</span> <span class='ocrx_word' id='word_1_29' title='bbox 606 767 670 809; x_wconf 89' lang='lat' dir='ltr'>uua</span> <span class='ocrx_word' id='word_1_30' title='bbox 702 744 811 809; x_wconf 88' lang='lat' dir='ltr'>radice</span> <span class='ocrx_word' id='word_1_31' title='bbox 838 743 924 809; x_wconf 87' lang='lat' dir='ltr'>tenui</span> <span class='ocrx_word' id='word_1_32' title='bbox 954 745 1084 810; x_wconf 85' lang='lat' dir='ltr'>fruticat</span> <span class='ocrx_word' id='word_1_33' title='bbox 1110 745 1195 810; x_wconf 83' lang='lat' dir='ltr'>foliis</span> <span class='ocrx_word' id='word_1_34' title='bbox 1222 756 1326 827; x_wconf 87' lang='lat' dir='ltr'>rutae,</span> 
     </span>
     <span class='ocr_line' id='line_1_6' title="bbox 200 845 1327 936; baseline 0 -23"><span class='ocrx_word' id='word_1_35' title='bbox 200 849 296 936; x_wconf 89' lang='lat' dir='ltr'>paulo</span> <span class='ocrx_word' id='word_1_36' title='bbox 310 845 490 925; x_wconf 82' lang='lat' dir='ltr'>latioribus,</span> <span class='ocrx_word' id='word_1_37' title='bbox 515 846 634 911; x_wconf 89' lang='lat' dir='ltr'>semine</span> <span class='ocrx_word' id='word_1_38' title='bbox 650 846 711 911; x_wconf 90' lang='lat' dir='ltr'>sub</span> <span class='ocrx_word' id='word_1_39' title='bbox 725 845 809 910; x_wconf 91' lang='lat' dir='ltr'>foliis</span> <span class='ocrx_word' id='word_1_40' title='bbox 823 847 972 924; x_wconf 86' lang='lat' dir='ltr'>rotunde,</span> <span class='ocrx_word' id='word_1_41' title='bbox 993 847 1116 912; x_wconf 92' lang='lat' dir='ltr'>minore</span> <span class='ocrx_word' id='word_1_42' title='bbox 1135 871 1232 932; x_wconf 90' lang='lat' dir='ltr'>quam</span> <span class='ocrx_word' id='word_1_43' title='bbox 1248 872 1327 914; x_wconf 91' lang='lat' dir='ltr'>can-</span> 
     </span>
     <span class='ocr_line' id='line_1_7' title="bbox 200 946 1327 1037; baseline -0.001 -21"><span class='ocrx_word' id='word_1_44' title='bbox 200 952 267 1016; x_wconf 92' lang='lat' dir='ltr'>didi</span> <span class='ocrx_word' id='word_1_45' title='bbox 287 948 470 1037; x_wconf 89' lang='lat' dir='ltr'>papaveris.</span> <span class='ocrx_word' id='word_1_46' title='bbox 492 946 583 1011; x_wconf 87' lang='lat' dir='ltr'>Inter</span> <span class='ocrx_word' id='word_1_47' title='bbox 597 947 673 1012; x_wconf 88' lang='lat' dir='ltr'>vitis</span> <span class='ocrx_word' id='word_1_48' title='bbox 688 947 756 1012; x_wconf 89' lang='lat' dir='ltr'>fere</span> <span class='ocrx_word' id='word_1_49' title='bbox 771 947 934 1037; x_wconf 83' lang='lat' dir='ltr'>colligitur</span> <span class='ocrx_word' id='word_1_50' title='bbox 948 948 1108 1015; x_wconf 89' lang='lat' dir='ltr'>messibus</span> <span class='ocrx_word' id='word_1_51' title='bbox 1123 950 1327 1034; x_wconf 88' lang='lat' dir='ltr'>siccaturque</span> 
     </span>
     <span class='ocr_line' id='line_1_8' title="bbox 200 1048 1327 1138; baseline -0.002 -19"><span class='ocrx_word' id='word_1_52' title='bbox 200 1077 272 1120; x_wconf 91' lang='lat' dir='ltr'>cum</span> <span class='ocrx_word' id='word_1_53' title='bbox 294 1054 401 1116; x_wconf 89' lang='lat' dir='ltr'>fructu</span> <span class='ocrx_word' id='word_1_54' title='bbox 423 1072 495 1128; x_wconf 87' lang='lat' dir='ltr'>suo,</span> <span class='ocrx_word' id='word_1_55' title='bbox 525 1048 677 1115; x_wconf 90' lang='lat' dir='ltr'>subiectis</span> <span class='ocrx_word' id='word_1_56' title='bbox 698 1049 732 1114; x_wconf 91' lang='lat' dir='ltr'>in</span> <span class='ocrx_word' id='word_1_57' title='bbox 759 1071 842 1133; x_wconf 87' lang='lat' dir='ltr'>quae</span> <span class='ocrx_word' id='word_1_58' title='bbox 870 1049 1015 1129; x_wconf 87' lang='lat' dir='ltr'>excidat3</span> <span class='ocrx_word' id='word_1_59' title='bbox 1044 1051 1105 1116; x_wconf 92' lang='lat' dir='ltr'>hoc</span> <span class='ocrx_word' id='word_1_60' title='bbox 1131 1063 1208 1138; x_wconf 93' lang='lat' dir='ltr'>poto</span> <span class='ocrx_word' id='word_1_61' title='bbox 1237 1052 1327 1118; x_wconf 84' lang='lat' dir='ltr'>alvos</span> 
     </span>
     <span class='ocr_line' id='line_1_9' title="bbox 201 1149 1327 1238; baseline -0.002 -18"><span class='ocrx_word' id='word_1_62' title='bbox 201 1154 344 1230; x_wconf 92' lang='lat' dir='ltr'>solvitur,</span> <span class='ocrx_word' id='word_1_63' title='bbox 366 1151 439 1215; x_wconf 92' lang='lat' dir='ltr'>bilis</span> <span class='ocrx_word' id='word_1_64' title='bbox 461 1172 500 1215; x_wconf 88' lang='lat' dir='ltr'>ac</span> <span class='ocrx_word' id='word_1_65' title='bbox 521 1149 639 1235; x_wconf 84' lang='lat' dir='ltr'>pituita</span> <span class='ocrx_word' id='word_1_66' title='bbox 661 1149 848 1216; x_wconf 85' lang='lat' dir='ltr'>detrahitur.</span> <span class='ocrx_word' id='word_1_67' title='bbox 871 1149 983 1215; x_wconf 89' lang='lat' dir='ltr'>Media</span> <span class='ocrx_word' id='word_1_68' title='bbox 1000 1152 1089 1238; x_wconf 90' lang='lat' dir='ltr'>potio</span> <span class='ocrx_word' id='word_1_69' title='bbox 1104 1163 1154 1218; x_wconf 90' lang='lat' dir='ltr'>est</span> <span class='ocrx_word' id='word_1_70' title='bbox 1168 1153 1327 1219; x_wconf 88' lang='lat' dir='ltr'>acetabuli</span> 
     </span>
     <span class='ocr_line' id='line_1_10' title="bbox 200 1251 1327 1339; baseline -0.003 -18"><span class='ocrx_word' id='word_1_71' title='bbox 200 1278 351 1323; x_wconf 89' lang='lat' dir='ltr'>mensura</span> <span class='ocrx_word' id='word_1_72' title='bbox 377 1253 411 1316; x_wconf 92' lang='lat' dir='ltr'>in</span> <span class='ocrx_word' id='word_1_73' title='bbox 439 1275 541 1337; x_wconf 88' lang='lat' dir='ltr'>aquae</span> <span class='ocrx_word' id='word_1_74' title='bbox 570 1252 693 1316; x_wconf 90' lang='lat' dir='ltr'>mulsae</span> <span class='ocrx_word' id='word_1_75' title='bbox 720 1251 858 1317; x_wconf 88' lang='lat' dir='ltr'>heminis</span> <span class='ocrx_word' id='word_1_76' title='bbox 880 1253 991 1318; x_wconf 88' lang='lat' dir='ltr'>tribus.</span> <span class='ocrx_word' id='word_1_77' title='bbox 1029 1253 1075 1319; x_wconf 82' lang='lat' dir='ltr'>Et</span> <span class='ocrx_word' id='word_1_78' title='bbox 1096 1254 1177 1319; x_wconf 91' lang='lat' dir='ltr'>cibis</span> <span class='ocrx_word' id='word_1_79' title='bbox 1198 1253 1327 1339; x_wconf 87' lang='lat' dir='ltr'>insper-</span> 
     </span>
     <span class='ocr_line' id='line_1_11' title="bbox 199 1353 941 1447; baseline -0.004 -25"><span class='ocrx_word' id='word_1_80' title='bbox 199 1358 287 1447; x_wconf 87' lang='lat' dir='ltr'>gitur</span> <span class='ocrx_word' id='word_1_81' title='bbox 309 1355 516 1443; x_wconf 88' lang='lat' dir='ltr'>opsoniisque</span> <span class='ocrx_word' id='word_1_82' title='bbox 539 1353 581 1418; x_wconf 85' lang='lat' dir='ltr'>ad</span> <span class='ocrx_word' id='word_1_83' title='bbox 602 1354 804 1433; x_wconf 88' lang='lat' dir='ltr'>molliendam</span> <span class='ocrx_word' id='word_1_84' title='bbox 826 1355 941 1419; x_wconf 88' lang='lat' dir='ltr'>alvom.</span> 
     </span>
    </p>

    <p class='ocr_par' dir='ltr' id='par_1_4' title="bbox 200 1455 1412 2458">
     <span class='ocr_line' id='line_1_12' title="bbox 245 1455 1393 1542; baseline -0.004 -19"><span class='ocrx_word' id='word_1_85' title='bbox 245 1461 296 1523; x_wconf 83' lang='lat'>94.</span> <span class='ocrx_word' id='word_1_86' title='bbox 326 1457 568 1540; x_wconf 89' lang='lat' dir='ltr'>Periclymenos</span> <span class='ocrx_word' id='word_1_87' title='bbox 591 1455 720 1520; x_wconf 84' lang='lat' dir='ltr'>fruticat</span> <span class='ocrx_word' id='word_1_88' title='bbox 747 1467 780 1521; x_wconf 89' lang='lat' dir='ltr'>et</span> <span class='ocrx_word' id='word_1_89' title='bbox 807 1456 878 1542; x_wconf 92' lang='lat' dir='ltr'>ipsa</span> <span class='ocrx_word' id='word_1_90' title='bbox 908 1479 949 1521; x_wconf 84' lang='lat' dir='ltr'>ex</span> <span class='ocrx_word' id='word_1_91' title='bbox 974 1455 1143 1523; x_wconf 82' lang='lat' dir='ltr'>intervallo</span> <span class='ocrx_word' id='word_1_92' title='bbox 1165 1458 1229 1524; x_wconf 91' lang='lat' dir='ltr'>duo</span> <span class='ocrx_word' id='word_1_93' title='bbox 1250 1458 1328 1523; x_wconf 87' lang='lat' dir='ltr'>folia</span> <span class='ocrx_word' id='word_1_94' title='bbox 1343 1474 1393 1519; x_wconf 84' lang='lat' dir='ltr'>mo</span> 
     </span>
     <span class='ocr_line' id='line_1_13' title="bbox 200 1557 1328 1636; baseline -0.001 -10"><span class='ocrx_word' id='word_1_95' title='bbox 200 1561 322 1626; x_wconf 87' lang='lat' dir='ltr'>habens</span> <span class='ocrx_word' id='word_1_96' title='bbox 349 1558 557 1636; x_wconf 84' lang='lat' dir='ltr'>subcandida,</span> <span class='ocrx_word' id='word_1_97' title='bbox 588 1558 704 1634; x_wconf 92' lang='lat' dir='ltr'>mollia,</span> <span class='ocrx_word' id='word_1_98' title='bbox 732 1557 766 1622; x_wconf 94' lang='lat' dir='ltr'>in</span> <span class='ocrx_word' id='word_1_99' title='bbox 796 1559 961 1624; x_wconf 86' lang='lat' dir='ltr'>cacumine</span> <span class='ocrx_word' id='word_1_100' title='bbox 983 1570 1092 1624; x_wconf 93' lang='lat' dir='ltr'>autem</span> <span class='ocrx_word' id='word_1_101' title='bbox 1115 1582 1222 1625; x_wconf 92' lang='lat' dir='ltr'>semen</span> <span class='ocrx_word' id='word_1_102' title='bbox 1244 1559 1328 1626; x_wconf 89' lang='lat' dir='ltr'>inter</span> 
     </span>
     <span class='ocr_line' id='line_1_14' title="bbox 201 1659 1327 1744; baseline -0.001 -16"><span class='ocrx_word' id='word_1_103' title='bbox 201 1664 278 1730; x_wconf 86' lang='lat' dir='ltr'>folia</span> <span class='ocrx_word' id='word_1_104' title='bbox 299 1663 415 1726; x_wconf 91' lang='lat' dir='ltr'>durum</span> <span class='ocrx_word' id='word_1_105' title='bbox 438 1672 470 1725; x_wconf 89' lang='lat' dir='ltr'>et</span> <span class='ocrx_word' id='word_1_106' title='bbox 491 1660 577 1744; x_wconf 90' lang='lat' dir='ltr'>quod</span> <span class='ocrx_word' id='word_1_107' title='bbox 599 1659 731 1725; x_wconf 83' lang='lat' dir='ltr'>difficile</span> <span class='ocrx_word' id='word_1_108' title='bbox 753 1660 907 1737; x_wconf 83' lang='lat' dir='ltr'>vellatur3</span> <span class='ocrx_word' id='word_1_109' title='bbox 937 1661 1083 1726; x_wconf 87' lang='lat' dir='ltr'>nascitur</span> <span class='ocrx_word' id='word_1_110' title='bbox 1110 1662 1144 1726; x_wconf 93' lang='lat' dir='ltr'>in</span> <span class='ocrx_word' id='word_1_111' title='bbox 1171 1661 1258 1727; x_wconf 82' lang='lat' dir='ltr'>arvis</span> <span class='ocrx_word' id='word_1_112' title='bbox 1287 1684 1327 1728; x_wconf 90' lang='lat' dir='ltr'>ac</span> 
     </span>
     <span class='ocr_line' id='line_1_15' title="bbox 201 1750 1328 1852; baseline -0.003 -20"><span class='ocrx_word' id='word_1_113' title='bbox 201 1764 352 1852; x_wconf 84' lang='lat' dir='ltr'>saepibus</span> <span class='ocrx_word' id='word_1_114' title='bbox 379 1763 572 1829; x_wconf 89' lang='lat' dir='ltr'>convolvens</span> <span class='ocrx_word' id='word_1_115' title='bbox 602 1785 636 1827; x_wconf 89' lang='lat' dir='ltr'>se</span> <span class='ocrx_word' id='word_1_116' title='bbox 663 1761 865 1827; x_wconf 87' lang='lat' dir='ltr'>adminiculis</span> <span class='ocrx_word' id='word_1_117' title='bbox 892 1750 1159 1848; x_wconf 88' lang='lat' dir='ltr'>quibuscumque.</span> <span class='ocrx_word' id='word_1_118' title='bbox 1205 1760 1328 1829; x_wconf 87' lang='lat' dir='ltr'>Semen</span> 
     </span>
     <span class='ocr_line' id='line_1_16' title="bbox 202 1863 1325 1953; baseline -0.004 -19"><span class='ocrx_word' id='word_1_119' title='bbox 202 1869 270 1934; x_wconf 87' lang='lat' dir='ltr'>eius</span> <span class='ocrx_word' id='word_1_120' title='bbox 299 1867 333 1931; x_wconf 92' lang='lat' dir='ltr'>in</span> <span class='ocrx_word' id='word_1_121' title='bbox 360 1864 475 1930; x_wconf 89' lang='lat' dir='ltr'>umbra</span> <span class='ocrx_word' id='word_1_122' title='bbox 504 1865 658 1930; x_wconf 90' lang='lat' dir='ltr'>siccatum</span> <span class='ocrx_word' id='word_1_123' title='bbox 686 1863 832 1928; x_wconf 91' lang='lat' dir='ltr'>tunditur</span> <span class='ocrx_word' id='word_1_124' title='bbox 859 1873 892 1929; x_wconf 91' lang='lat' dir='ltr'>et</span> <span class='ocrx_word' id='word_1_125' title='bbox 919 1864 952 1929; x_wconf 90' lang='lat' dir='ltr'>in</span> <span class='ocrx_word' id='word_1_126' title='bbox 982 1864 1126 1950; x_wconf 90' lang='lat' dir='ltr'>pastillos</span> <span class='ocrx_word' id='word_1_127' title='bbox 1148 1864 1309 1953; x_wconf 88' lang='lat' dir='ltr'>digeritur</span> <span class='ocrx_word' id='word_1_128' title='bbox 1316 1890 1325 1945; x_wconf 83' lang='lat'><em>3</em></span> 
     </span>
     <span class='ocr_line' id='line_1_17' title="bbox 200 1965 1327 2051; baseline -0.002 -16"><span class='ocrx_word' id='word_1_129' title='bbox 200 1971 234 2035; x_wconf 95' lang='lat' dir='ltr'>hi</span> <span class='ocrx_word' id='word_1_130' title='bbox 256 1968 386 2035; x_wconf 86' lang='lat' dir='ltr'>resoluti</span> <span class='ocrx_word' id='word_1_131' title='bbox 408 1968 525 2032; x_wconf 86' lang='lat' dir='ltr'>dantur</span> <span class='ocrx_word' id='word_1_132' title='bbox 546 1967 580 2031; x_wconf 93' lang='lat' dir='ltr'>in</span> <span class='ocrx_word' id='word_1_133' title='bbox 602 1965 670 2031; x_wconf 83' lang='lat' dir='ltr'>vini</span> <span class='ocrx_word' id='word_1_134' title='bbox 692 1965 755 2030; x_wconf 87' lang='lat' dir='ltr'>albi</span> <span class='ocrx_word' id='word_1_135' title='bbox 778 1965 901 2051; x_wconf 89' lang='lat' dir='ltr'>cyathis</span> <span class='ocrx_word' id='word_1_136' title='bbox 930 1967 1029 2032; x_wconf 88' lang='lat' dir='ltr'>ternis</span> <span class='ocrx_word' id='word_1_137' title='bbox 1057 1967 1185 2033; x_wconf 90' lang='lat' dir='ltr'>tricenis</span> <span class='ocrx_word' id='word_1_138' title='bbox 1212 1967 1327 2033; x_wconf 89' lang='lat' dir='ltr'>diebus</span> 
     </span>
     <span class='ocr_line' id='line_1_18' title="bbox 202 2068 1327 2154; baseline -0.004 -19"><span class='ocrx_word' id='word_1_139' title='bbox 202 2072 244 2136; x_wconf 90' lang='lat' dir='ltr'>ad</span> <span class='ocrx_word' id='word_1_140' title='bbox 264 2071 381 2136; x_wconf 90' lang='lat' dir='ltr'>lienem</span> <span class='ocrx_word' id='word_1_141' title='bbox 409 2090 546 2153; x_wconf 91' lang='lat' dir='ltr'>eumque</span> <span class='ocrx_word' id='word_1_142' title='bbox 572 2068 665 2134; x_wconf 89' lang='lat' dir='ltr'>urina</span> <span class='ocrx_word' id='word_1_143' title='bbox 691 2078 858 2133; x_wconf 87' lang='lat' dir='ltr'>cruentata</span> <span class='ocrx_word' id='word_1_144' title='bbox 884 2079 940 2132; x_wconf 90' lang='lat' dir='ltr'>aut</span> <span class='ocrx_word' id='word_1_145' title='bbox 967 2091 1026 2154; x_wconf 90' lang='lat' dir='ltr'>per</span> <span class='ocrx_word' id='word_1_146' title='bbox 1047 2070 1150 2133; x_wconf 91' lang='lat' dir='ltr'>alvom</span> <span class='ocrx_word' id='word_1_147' title='bbox 1174 2068 1327 2146; x_wconf 82' lang='lat' dir='ltr'>absumit,</span> 
     </span>
     <span class='ocr_line' id='line_1_19' title="bbox 201 2168 1412 2260; baseline -0.007 -22"><span class='ocrx_word' id='word_1_148' title='bbox 201 2173 288 2258; x_wconf 92' lang='lat' dir='ltr'>quod</span> <span class='ocrx_word' id='word_1_149' title='bbox 308 2171 504 2260; x_wconf 86' lang='lat' dir='ltr'>intellegitur</span> <span class='ocrx_word' id='word_1_150' title='bbox 526 2195 545 2234; x_wconf 92' lang='lat' dir='ltr'>a</span> <span class='ocrx_word' id='word_1_151' title='bbox 566 2171 702 2235; x_wconf 90' lang='lat' dir='ltr'>decumo</span> <span class='ocrx_word' id='word_1_152' title='bbox 724 2169 828 2234; x_wconf 87' lang='lat' dir='ltr'>statim</span> <span class='ocrx_word' id='word_1_153' title='bbox 844 2169 906 2234; x_wconf 86' lang='lat' dir='ltr'>die.</span> <span class='ocrx_word' id='word_1_154' title='bbox 931 2168 1068 2235; x_wconf 90' lang='lat' dir='ltr'>Urinam</span> <span class='ocrx_word' id='word_1_155' title='bbox 1090 2171 1176 2236; x_wconf 88' lang='lat' dir='ltr'>cient</span> <span class='ocrx_word' id='word_1_156' title='bbox 1197 2180 1230 2234; x_wconf 93' lang='lat' dir='ltr'>et</span> <span class='ocrx_word' id='word_1_157' title='bbox 1250 2169 1329 2234; x_wconf 84' lang='lat' dir='ltr'>folia</span> <span class='ocrx_word' id='word_1_158' title='bbox 1408 2219 1412 2229; x_wconf 87' lang='lat'>.</span> 
     </span>
     <span class='ocr_line' id='line_1_20' title="bbox 202 2271 1327 2358; baseline -0.004 -19"><span class='ocrx_word' id='word_1_159' title='bbox 202 2276 335 2341; x_wconf 89' lang='lat' dir='ltr'>decocta</span> <span class='ocrx_word' id='word_1_160' title='bbox 354 2296 437 2358; x_wconf 88' lang='lat' dir='ltr'>quac</span> <span class='ocrx_word' id='word_1_161' title='bbox 459 2283 491 2338; x_wconf 90' lang='lat' dir='ltr'>et</span> <span class='ocrx_word' id='word_1_162' title='bbox 514 2271 731 2358; x_wconf 89' lang='lat' dir='ltr'>orthopnoicis</span> <span class='ocrx_word' id='word_1_163' title='bbox 753 2281 903 2357; x_wconf 84' lang='lat' dir='ltr'>prosunt3</span> <span class='ocrx_word' id='word_1_164' title='bbox 933 2284 1062 2356; x_wconf 91' lang='lat' dir='ltr'>partum</span> <span class='ocrx_word' id='word_1_165' title='bbox 1082 2294 1211 2356; x_wconf 91' lang='lat' dir='ltr'>quoque</span> <span class='ocrx_word' id='word_1_166' title='bbox 1233 2272 1327 2336; x_wconf 89' lang='lat' dir='ltr'>adiu-</span> 
     </span>
     <span class='ocr_line' id='line_1_21' title="bbox 201 2373 1004 2458; baseline -0.002 -18"><span class='ocrx_word' id='word_1_167' title='bbox 201 2387 279 2441; x_wconf 89' lang='lat' dir='ltr'>vant</span> <span class='ocrx_word' id='word_1_168' title='bbox 301 2375 521 2457; x_wconf 88' lang='lat' dir='ltr'>secundasque</span> <span class='ocrx_word' id='word_1_169' title='bbox 543 2373 664 2458; x_wconf 89' lang='lat' dir='ltr'>pellunt</span> <span class='ocrx_word' id='word_1_170' title='bbox 684 2383 762 2458; x_wconf 88' lang='lat' dir='ltr'>pota</span> <span class='ocrx_word' id='word_1_171' title='bbox 783 2373 878 2438; x_wconf 87' lang='lat' dir='ltr'>simili</span> <span class='ocrx_word' id='word_1_172' title='bbox 899 2373 1004 2438; x_wconf 87' lang='lat' dir='ltr'>mode.</span> 
     </span>
    </p>

    <p class='ocr_par' dir='ltr' id='par_1_5' title="bbox 133 2474 1390 2567">
     <span class='ocr_line' id='line_1_22' title="bbox 133 2474 1390 2567; baseline -0.006 -25"><span class='ocrx_word' id='word_1_173' title='bbox 133 2474 149 2567; x_wconf 38' lang='lat' dir='ltr'>J</span> <span class='ocrx_word' id='word_1_174' title='bbox 245 2479 296 2542; x_wconf 84' lang='lat'>95.</span> <span class='ocrx_word' id='word_1_175' title='bbox 318 2475 505 2540; x_wconf 89' lang='lat' dir='ltr'>Pelecinum</span> <span class='ocrx_word' id='word_1_176' title='bbox 526 2475 559 2538; x_wconf 92' lang='lat' dir='ltr'>in</span> <span class='ocrx_word' id='word_1_177' title='bbox 583 2475 747 2563; x_wconf 86' lang='lat' dir='ltr'>segetibus</span> <span class='ocrx_word' id='word_1_178' title='bbox 770 2474 910 2539; x_wconf 86' lang='lat' dir='ltr'>diximus</span> <span class='ocrx_word' id='word_1_179' title='bbox 927 2475 1025 2553; x_wconf 89' lang='lat' dir='ltr'>nasci,</span> <span class='ocrx_word' id='word_1_180' title='bbox 1048 2476 1234 2540; x_wconf 84' lang='lat' dir='ltr'>fruticosam</span> <span class='ocrx_word' id='word_1_181' title='bbox 1249 2495 1326 2538; x_wconf 90' lang='lat' dir='ltr'>cau-</span> <span class='ocrx_word' id='word_1_182' title='bbox 1344 2489 1390 2535; x_wconf 80' lang='lat' dir='ltr'>lar</span> 
     </span>
    </p>

    <p class='ocr_par' dir='ltr' id='par_1_6' title="bbox 202 2574 1328 2858">
     <span class='ocr_line' id='line_1_23' title="bbox 202 2574 1328 2661; baseline -0.004 -18"><span class='ocrx_word' id='word_1_183' title='bbox 202 2575 318 2655; x_wconf 91' lang='lat' dir='ltr'>liculis,</span> <span class='ocrx_word' id='word_1_184' title='bbox 340 2576 423 2642; x_wconf 85' lang='lat' dir='ltr'>foliis</span> <span class='ocrx_word' id='word_1_185' title='bbox 437 2576 566 2654; x_wconf 86' lang='lat' dir='ltr'>ciceris3</span> <span class='ocrx_word' id='word_1_186' title='bbox 592 2599 701 2641; x_wconf 90' lang='lat' dir='ltr'>semen</span> <span class='ocrx_word' id='word_1_187' title='bbox 715 2575 749 2639; x_wconf 90' lang='lat' dir='ltr'>in</span> <span class='ocrx_word' id='word_1_188' title='bbox 765 2576 889 2661; x_wconf 92' lang='lat' dir='ltr'>siliquis</span> <span class='ocrx_word' id='word_1_189' title='bbox 904 2577 966 2640; x_wconf 82' lang='lat' dir='ltr'>fert</span> <span class='ocrx_word' id='word_1_190' title='bbox 982 2577 1217 2642; x_wconf 90' lang='lat' dir='ltr'>corniculorum</span> <span class='ocrx_word' id='word_1_191' title='bbox 1232 2574 1328 2639; x_wconf 91' lang='lat' dir='ltr'>modo</span> 
     </span>
     <span class='ocr_line' id='line_1_24' title="bbox 203 2677 1327 2765; baseline 0.001 -23"><span class='ocrx_word' id='word_1_192' title='bbox 203 2677 336 2743; x_wconf 87' lang='lat' dir='ltr'>aduncis</span> <span class='ocrx_word' id='word_1_193' title='bbox 359 2678 457 2743; x_wconf 89' lang='lat' dir='ltr'>ternis</span> <span class='ocrx_word' id='word_1_194' title='bbox 478 2678 691 2762; x_wconf 89' lang='lat' dir='ltr'>quaternisve,</span> <span class='ocrx_word' id='word_1_195' title='bbox 715 2679 808 2762; x_wconf 89' lang='lat' dir='ltr'>quale</span> <span class='ocrx_word' id='word_1_196' title='bbox 830 2678 878 2765; x_wconf 86' lang='lat' dir='ltr'>git</span> <span class='ocrx_word' id='word_1_197' title='bbox 899 2679 1059 2757; x_wconf 87' lang='lat' dir='ltr'>novimus,</span> <span class='ocrx_word' id='word_1_198' title='bbox 1082 2702 1236 2757; x_wconf 89' lang='lat' dir='ltr'>amarum,</span> <span class='ocrx_word' id='word_1_199' title='bbox 1260 2689 1327 2743; x_wconf 87' lang='lat' dir='ltr'>sto-</span> 
     </span>
     <span class='ocr_line' id='line_1_25' title="bbox 204 2780 808 2858; baseline 0.002 -15"><span class='ocrx_word' id='word_1_200' title='bbox 204 2780 315 2846; x_wconf 92' lang='lat' dir='ltr'>macho</span> <span class='ocrx_word' id='word_1_201' title='bbox 338 2780 430 2858; x_wconf 86' lang='lat' dir='ltr'>utile3</span> <span class='ocrx_word' id='word_1_202' title='bbox 453 2780 581 2844; x_wconf 89' lang='lat' dir='ltr'>additur</span> <span class='ocrx_word' id='word_1_203' title='bbox 601 2781 634 2845; x_wconf 91' lang='lat' dir='ltr'>in</span> <span class='ocrx_word' id='word_1_204' title='bbox 657 2780 808 2845; x_wconf 88' lang='lat' dir='ltr'>antidota.</span> 
     </span>
    </p>
   </div>
   <div class='ocr_carea' id='block_1_3' title="bbox 208 2967 1329 3121">
    <p class='ocr_par' dir='ltr' id='par_1_7' title="bbox 208 2967 1329 3121">
     <span class='ocr_line' id='line_1_26' title="bbox 238 2967 1329 3053; baseline 0.001 -17"><span class='ocrx_word' id='word_1_205' title='bbox 238 2986 347 3050; x_wconf 67' lang='lat' dir='ltr'>serraca,</span> <span class='ocrx_word' id='word_1_206' title='bbox 360 2989 393 3038; x_wconf 85' lang='lat' dir='ltr'>v.</span> <span class='ocrx_word' id='word_1_207' title='bbox 412 2967 517 3048; x_wconf 70' lang='lat' dir='ltr'>antara,</span> <span class='ocrx_word' id='word_1_208' title='bbox 529 2990 561 3039; x_wconf 82' lang='lat' dir='ltr'>a.</span> <span class='ocrx_word' id='word_1_209' title='bbox 577 3031 609 3039; x_wconf 68' lang='grc'><em>,</em></span> <span class='ocrx_word' id='word_1_210' title='bbox 629 2987 854 3051; x_wconf 55' lang='lat' dir='ltr'>ostendamur.</span> <span class='ocrx_word' id='word_1_211' title='bbox 874 2987 1003 3050; x_wconf 62' lang='lat' dir='ltr'>arcensem,</span> <span class='ocrx_word' id='word_1_212' title='bbox 1015 2985 1065 3053; x_wconf 66' lang='lat' dir='ltr'>a„</span> <span class='ocrx_word' id='word_1_213' title='bbox 1084 2987 1204 3037; x_wconf 69' lang='lat' dir='ltr'>aaaron</span> <span class='ocrx_word' id='word_1_214' title='bbox 1217 2984 1282 3046; x_wconf 69' lang='lat' dir='ltr'>aar,</span> <span class='ocrx_word' id='word_1_215' title='bbox 1295 2988 1329 3037; x_wconf 85' lang='lat' dir='ltr'>n.</span> 
     </span>
     <span class='ocr_line' id='line_1_27' title="bbox 208 3055 954 3121; baseline 0 -15"><span class='ocrx_word' id='word_1_216' title='bbox 208 3099 235 3106; x_wconf 92' lang='lat'>..</span> <span class='ocrx_word' id='word_1_217' title='bbox 258 3055 416 3118; x_wconf 82' lang='lat' dir='ltr'>terminanda,</span> <span class='ocrx_word' id='word_1_218' title='bbox 428 3058 483 3108; x_wconf 89' lang='lat' dir='ltr'>Vd.</span> <span class='ocrx_word' id='word_1_219' title='bbox 503 3056 729 3118; x_wconf 64' lang='lat' dir='ltr'>neminemnam</span> <span class='ocrx_word' id='word_1_220' title='bbox 749 3098 780 3108; x_wconf 86' lang='lat'>..</span> <span class='ocrx_word' id='word_1_221' title='bbox 798 3073 911 3121; x_wconf 85' lang='lat' dir='ltr'>essesque,</span> <span class='ocrx_word' id='word_1_222' title='bbox 923 3060 954 3108; x_wconf 87' lang='lat' dir='ltr'>R.</span> 
     </span>
    </p>
   </div>
   <div class='ocr_carea' id='block_1_4' title="bbox 142 3135 1330 3679">
    <p class='ocr_par' dir='ltr' id='par_1_8' title="bbox 142 3135 1330 3679">
     <span class='ocr_line' id='line_1_28' title="bbox 240 3135 1329 3206; baseline -0.003 -14"><span class='ocrx_word' id='word_1_223' title='bbox 240 3145 326 3205; x_wconf 77' lang='lat' dir='ltr'>§lla</span> <span class='ocrx_word' id='word_1_224' title='bbox 353 3141 445 3206; x_wconf 86' lang='lat' dir='ltr'>Peplis,</span> <span class='ocrx_word' id='word_1_225' title='bbox 460 3135 575 3193; x_wconf 75' lang='lat' dir='ltr'>OVRT.</span> <span class='ocrx_word' id='word_1_226' title='bbox 603 3140 699 3206; x_wconf 84' lang='lat' dir='ltr'>Peplos,</span> <span class='ocrx_word' id='word_1_227' title='bbox 711 3137 739 3204; x_wconf 76' lang='grc' dir='ltr'>β</span> <span class='ocrx_word' id='word_1_228' title='bbox 767 3141 858 3206; x_wconf 77' lang='lat' dir='ltr'>Popta,</span> <span class='ocrx_word' id='word_1_229' title='bbox 871 3146 895 3193; x_wconf 86' lang='lat' dir='ltr'>d.</span> <span class='ocrx_word' id='word_1_230' title='bbox 922 3143 1040 3194; x_wconf 80' lang='lat' dir='ltr'>Ceterum</span> <span class='ocrx_word' id='word_1_231' title='bbox 1057 3141 1219 3190; x_wconf 85' lang='lat' dir='ltr'>Dioscorides</span> <span class='ocrx_word' id='word_1_232' title='bbox 1231 3147 1255 3199; x_wconf 87' lang='grc'>4,</span> <span class='ocrx_word' id='word_1_233' title='bbox 1271 3144 1329 3189; x_wconf 84' lang='lat'>165.</span> 
     </span>
     <span class='ocr_line' id='line_1_29' title="bbox 204 3204 1329 3274; baseline -0.004 -16"><span class='ocrx_word' id='word_1_234' title='bbox 204 3208 290 3274; x_wconf 86' lang='lat' dir='ltr'>peplon</span> <span class='ocrx_word' id='word_1_235' title='bbox 310 3211 370 3260; x_wconf 89' lang='lat' dir='ltr'>dicit</span> <span class='ocrx_word' id='word_1_236' title='bbox 392 3209 517 3274; x_wconf 84' lang='lat' dir='ltr'>apoplide</span> <span class='ocrx_word' id='word_1_237' title='bbox 538 3217 562 3269; x_wconf 83' lang='lat'>4,</span> <span class='ocrx_word' id='word_1_238' title='bbox 582 3217 638 3261; x_wconf 91' lang='grc'>166.</span> <span class='ocrx_word' id='word_1_239' title='bbox 657 3211 821 3274; x_wconf 85' lang='lat' dir='ltr'>distinguens.</span> <span class='ocrx_word' id='word_1_240' title='bbox 846 3252 877 3260; x_wconf 77' lang='grc'>-</span> <span class='ocrx_word' id='word_1_241' title='bbox 904 3210 1023 3259; x_wconf 77' lang='lat' dir='ltr'>meconion</span> <span class='ocrx_word' id='word_1_242' title='bbox 1043 3208 1089 3257; x_wconf 85' lang='lat' dir='ltr'>alii</span> <span class='ocrx_word' id='word_1_243' title='bbox 1104 3224 1199 3258; x_wconf 85' lang='lat' dir='ltr'>mecona</span> <span class='ocrx_word' id='word_1_244' title='bbox 1215 3204 1329 3270; x_wconf 78' lang='lat' dir='ltr'>aphrode,</span> 
     </span>
     <span class='ocr_line' id='line_1_30' title="bbox 207 3273 1329 3342; baseline -0.002 -15"><span class='ocrx_word' id='word_1_245' title='bbox 207 3279 291 3327; x_wconf 87' lang='lat' dir='ltr'>VRd.</span> <span class='ocrx_word' id='word_1_246' title='bbox 318 3294 413 3327; x_wconf 75' lang='lat' dir='ltr'>precone</span> <span class='ocrx_word' id='word_1_247' title='bbox 430 3277 542 3341; x_wconf 81' lang='lat' dir='ltr'>aphrode,</span> <span class='ocrx_word' id='word_1_248' title='bbox 560 3279 583 3328; x_wconf 87' lang='lat' dir='ltr'>T</span> <span class='ocrx_word' id='word_1_249' title='bbox 601 3278 743 3342; x_wconf 89' lang='lat' dir='ltr'>(Murbac.)</span> <span class='ocrx_word' id='word_1_250' title='bbox 769 3279 886 3327; x_wconf 79' lang='lat' dir='ltr'>meconion</span> <span class='ocrx_word' id='word_1_251' title='bbox 903 3276 1028 3342; x_wconf 83' lang='lat' dir='ltr'>aphrodes,</span> <span class='ocrx_word' id='word_1_252' title='bbox 1044 3273 1073 3338; x_wconf 75' lang='grc' dir='ltr'>β.</span> <span class='ocrx_word' id='word_1_253' title='bbox 1101 3317 1127 3325; x_wconf 91' lang='grc'>..</span> <span class='ocrx_word' id='word_1_254' title='bbox 1159 3277 1226 3335; x_wconf 84' lang='lat' dir='ltr'>tenui,</span> <span class='ocrx_word' id='word_1_255' title='bbox 1243 3276 1329 3325; x_wconf 88' lang='lat' dir='ltr'>VRd.</span> 
     </span>
     <span class='ocr_line' id='line_1_31' title="bbox 208 3344 1330 3409; baseline -0.004 -11"><span class='ocrx_word' id='word_1_256' title='bbox 208 3347 295 3398; x_wconf 89' lang='lat' dir='ltr'>Omitt.</span> <span class='ocrx_word' id='word_1_257' title='bbox 309 3348 334 3396; x_wconf 90' lang='lat' dir='ltr'>K</span> <span class='ocrx_word' id='word_1_258' title='bbox 346 3344 489 3408; x_wconf 89' lang='lat' dir='ltr'>(Murbac.)</span> <span class='ocrx_word' id='word_1_259' title='bbox 503 3387 534 3395; x_wconf 68' lang='grc'>-</span> <span class='ocrx_word' id='word_1_260' title='bbox 552 3344 663 3407; x_wconf 85' lang='lat' dir='ltr'>rotunda,</span> <span class='ocrx_word' id='word_1_261' title='bbox 672 3348 706 3396; x_wconf 88' lang='lat' dir='ltr'>V.</span> <span class='ocrx_word' id='word_1_262' title='bbox 720 3388 751 3396; x_wconf 89' lang='lat'>..</span> <span class='ocrx_word' id='word_1_263' title='bbox 770 3346 858 3395; x_wconf 86' lang='lat' dir='ltr'>minore</span> <span class='ocrx_word' id='word_1_264' title='bbox 869 3363 940 3409; x_wconf 84' lang='lat' dir='ltr'>quum</span> <span class='ocrx_word' id='word_1_265' title='bbox 952 3344 1198 3409; x_wconf 82' lang='lat' dir='ltr'>condidipapeveris,</span> <span class='ocrx_word' id='word_1_266' title='bbox 1209 3345 1330 3393; x_wconf 89' lang='lat' dir='ltr'>Dioscor.</span> 
     </span>
     <span class='ocr_line' id='line_1_32' title="bbox 142 3406 1330 3477; baseline -0.003 -15"><span class='ocrx_word' id='word_1_267' title='bbox 142 3423 146 3429; x_wconf 89' lang='lat'>&#39;</span> <span class='ocrx_word' id='word_1_268' title='bbox 207 3413 282 3462; x_wconf 88' lang='lat' dir='ltr'>minos</span> <span class='ocrx_word' id='word_1_269' title='bbox 298 3412 400 3462; x_wconf 86' lang='lat' dir='ltr'>candido</span> <span class='ocrx_word' id='word_1_270' title='bbox 414 3430 530 3477; x_wconf 83' lang='lat' dir='ltr'>papaver,</span> <span class='ocrx_word' id='word_1_271' title='bbox 544 3415 607 3464; x_wconf 86' lang='lat' dir='ltr'>VR.</span> <span class='ocrx_word' id='word_1_272' title='bbox 634 3414 710 3463; x_wconf 82' lang='lat' dir='ltr'>minus</span> <span class='ocrx_word' id='word_1_273' title='bbox 726 3412 827 3463; x_wconf 85' lang='lat' dir='ltr'>candido</span> <span class='ocrx_word' id='word_1_274' title='bbox 842 3430 914 3477; x_wconf 87' lang='lat' dir='ltr'>quum</span> <span class='ocrx_word' id='word_1_275' title='bbox 927 3411 1066 3476; x_wconf 79' lang='lat' dir='ltr'>papaveris,</span> <span class='ocrx_word' id='word_1_276' title='bbox 1078 3414 1125 3463; x_wconf 88' lang='lat' dir='ltr'>Kd</span> <span class='ocrx_word' id='word_1_277' title='bbox 1137 3406 1278 3474; x_wconf 89' lang='lat' dir='ltr'>(Murbac.)</span> <span class='ocrx_word' id='word_1_278' title='bbox 1298 3451 1330 3459; x_wconf 91' lang='lat'>...</span> 
     </span>
     <span class='ocr_line' id='line_1_33' title="bbox 207 3475 1330 3545; baseline -0.003 -16"><span class='ocrx_word' id='word_1_279' title='bbox 207 3480 323 3541; x_wconf 81' lang='lat' dir='ltr'>subiectis,</span> <span class='ocrx_word' id='word_1_280' title='bbox 339 3475 499 3533; x_wconf 74' lang='lat' dir='ltr'>OVRTKd</span> <span class='ocrx_word' id='word_1_281' title='bbox 517 3480 659 3545; x_wconf 85' lang='lat' dir='ltr'>(Murbac.)</span> <span class='ocrx_word' id='word_1_282' title='bbox 684 3481 793 3530; x_wconf 78' lang='lat' dir='ltr'>subiectis</span> <span class='ocrx_word' id='word_1_283' title='bbox 808 3481 884 3544; x_wconf 77' lang='lat' dir='ltr'>aqua,</span> <span class='ocrx_word' id='word_1_284' title='bbox 896 3477 925 3544; x_wconf 83' lang='grc' dir='ltr'>β.</span> <span class='ocrx_word' id='word_1_285' title='bbox 945 3522 976 3530; x_wconf 80' lang='grc'><strong>-</strong></span> <span class='ocrx_word' id='word_1_286' title='bbox 1000 3480 1024 3529; x_wconf 83' lang='lat' dir='ltr'>in</span> <span class='ocrx_word' id='word_1_287' title='bbox 1036 3497 1105 3544; x_wconf 84' lang='lat' dir='ltr'>quoe,</span> <span class='ocrx_word' id='word_1_288' title='bbox 1117 3481 1172 3530; x_wconf 87' lang='lat' dir='ltr'>RK</span> <span class='ocrx_word' id='word_1_289' title='bbox 1189 3475 1330 3540; x_wconf 88' lang='lat' dir='ltr'>(Murbac.)</span> 
     </span>
     <span class='ocr_line' id='line_1_34' title="bbox 208 3541 1329 3613; baseline -0.002 -16"><span class='ocrx_word' id='word_1_290' title='bbox 208 3549 233 3597; x_wconf 90' lang='lat' dir='ltr'>in</span> <span class='ocrx_word' id='word_1_291' title='bbox 250 3566 306 3612; x_wconf 88' lang='lat' dir='ltr'>quc,</span> <span class='ocrx_word' id='word_1_292' title='bbox 321 3542 429 3600; x_wconf 74' lang='lat' dir='ltr'>OVTd.</span> <span class='ocrx_word' id='word_1_293' title='bbox 456 3549 481 3597; x_wconf 87' lang='lat' dir='ltr'>in</span> <span class='ocrx_word' id='word_1_294' title='bbox 498 3566 564 3613; x_wconf 85' lang='lat' dir='ltr'>quas,</span> <span class='ocrx_word' id='word_1_295' title='bbox 577 3545 606 3609; x_wconf 86' lang='grc' dir='ltr'>β.</span> <span class='ocrx_word' id='word_1_296' title='bbox 626 3590 657 3598; x_wconf 90' lang='grc'>..</span> <span class='ocrx_word' id='word_1_297' title='bbox 681 3548 820 3609; x_wconf 59' lang='lat' dir='ltr'>recidenti}</span> <span class='ocrx_word' id='word_1_298' title='bbox 836 3547 976 3611; x_wconf 86' lang='lat' dir='ltr'>(Murbac.)</span> <span class='ocrx_word' id='word_1_299' title='bbox 1002 3546 1120 3609; x_wconf 73' lang='lat' dir='ltr'>excidant,</span> <span class='ocrx_word' id='word_1_300' title='bbox 1137 3541 1277 3597; x_wconf 71' lang='lat' dir='ltr'>OVRTd.</span> <span class='ocrx_word' id='word_1_301' title='bbox 1297 3587 1329 3595; x_wconf 89' lang='lat'>..</span> 
     </span>
     <span class='ocr_line' id='line_1_35' title="bbox 208 3608 1307 3679; baseline -0.001 -14"><span class='ocrx_word' id='word_1_302' title='bbox 208 3616 295 3678; x_wconf 85' lang='lat' dir='ltr'>aluum,</span> <span class='ocrx_word' id='word_1_303' title='bbox 309 3617 340 3666; x_wconf 88' lang='lat' dir='ltr'>V.</span> <span class='ocrx_word' id='word_1_304' title='bbox 360 3659 391 3666; x_wconf 87' lang='grc'>..</span> <span class='ocrx_word' id='word_1_305' title='bbox 409 3625 475 3664; x_wconf 85' lang='lat' dir='ltr'>aceto</span> <span class='ocrx_word' id='word_1_306' title='bbox 485 3653 491 3666; x_wconf 93' lang='lat'>.</span> <span class='ocrx_word' id='word_1_307' title='bbox 501 3615 557 3676; x_wconf 88' lang='lat' dir='ltr'>buli,</span> <span class='ocrx_word' id='word_1_308' title='bbox 569 3618 600 3666; x_wconf 86' lang='lat' dir='ltr'>R.</span> <span class='ocrx_word' id='word_1_309' title='bbox 620 3658 652 3666; x_wconf 88' lang='lat'>..</span> <span class='ocrx_word' id='word_1_310' title='bbox 670 3616 828 3678; x_wconf 84' lang='lat' dir='ltr'>molliendam,</span> <span class='ocrx_word' id='word_1_311' title='bbox 845 3611 915 3667; x_wconf 76' lang='lat' dir='ltr'>ORd</span> <span class='ocrx_word' id='word_1_312' title='bbox 927 3614 1068 3679; x_wconf 87' lang='lat' dir='ltr'>(Murbac.)</span> <span class='ocrx_word' id='word_1_313' title='bbox 1086 3613 1235 3675; x_wconf 85' lang='lat' dir='ltr'>moliendam,</span> <span class='ocrx_word' id='word_1_314' title='bbox 1247 3608 1307 3674; x_wconf 68' lang='lat' dir='ltr'>Vst.</span> 
     </span>
    </p>
   </div>
   <div class='ocr_carea' id='block_1_5' title="bbox 209 3703 1333 4044">
    <p class='ocr_par' dir='ltr' id='par_1_9' title="bbox 209 3703 1333 4044">
     <span class='ocr_line' id='line_1_36' title="bbox 243 3703 1331 3775; baseline -0.003 -17"><span class='ocrx_word' id='word_1_315' title='bbox 243 3712 257 3775; x_wconf 67' lang='grc' dir='ltr'><strong>ξ</strong></span> <span class='ocrx_word' id='word_1_316' title='bbox 272 3716 328 3760; x_wconf 81' lang='lat'>120.</span> <span class='ocrx_word' id='word_1_317' title='bbox 350 3708 534 3774; x_wconf 76' lang='lat' dir='ltr'>Periclymenus,</span> <span class='ocrx_word' id='word_1_318' title='bbox 547 3710 578 3759; x_wconf 86' lang='lat' dir='ltr'>R.</span> <span class='ocrx_word' id='word_1_319' title='bbox 602 3708 787 3774; x_wconf 80' lang='lat' dir='ltr'>Periclymenon,</span> <span class='ocrx_word' id='word_1_320' title='bbox 803 3703 884 3759; x_wconf 73' lang='lat' dir='ltr'>OVd.</span> <span class='ocrx_word' id='word_1_321' title='bbox 903 3709 1024 3760; x_wconf 81' lang='lat' dir='ltr'>Ceterum</span> <span class='ocrx_word' id='word_1_322' title='bbox 1035 3725 1059 3758; x_wconf 86' lang='lat' dir='ltr'>v.</span> <span class='ocrx_word' id='word_1_323' title='bbox 1072 3710 1188 3759; x_wconf 85' lang='lat' dir='ltr'>Dioscor.</span> <span class='ocrx_word' id='word_1_324' title='bbox 1201 3715 1224 3767; x_wconf 84' lang='lat'>4,</span> <span class='ocrx_word' id='word_1_325' title='bbox 1240 3711 1278 3756; x_wconf 86' lang='grc'>14.</span> <span class='ocrx_word' id='word_1_326' title='bbox 1298 3747 1331 3756; x_wconf 80' lang='grc'><strong>-</strong></span> 
     </span>
     <span class='ocr_line' id='line_1_37' title="bbox 209 3771 1331 3839; baseline 0 -14"><span class='ocrx_word' id='word_1_327' title='bbox 209 3793 239 3825; x_wconf 83' lang='lat' dir='ltr'>err</span> <span class='ocrx_word' id='word_1_328' title='bbox 250 3777 390 3837; x_wconf 83' lang='lat' dir='ltr'>intervallis,</span> <span class='ocrx_word' id='word_1_329' title='bbox 403 3779 435 3828; x_wconf 90' lang='grc' dir='ltr'>Κ.</span> <span class='ocrx_word' id='word_1_330' title='bbox 455 3819 486 3826; x_wconf 88' lang='grc'>..</span> <span class='ocrx_word' id='word_1_331' title='bbox 509 3776 618 3839; x_wconf 82' lang='lat' dir='ltr'>vellatur,</span> <span class='ocrx_word' id='word_1_332' title='bbox 630 3779 737 3827; x_wconf 85' lang='lat' dir='ltr'>Barbar.</span> <span class='ocrx_word' id='word_1_333' title='bbox 753 3771 840 3827; x_wconf 75' lang='lat' dir='ltr'>OVR.</span> <span class='ocrx_word' id='word_1_334' title='bbox 867 3776 988 3839; x_wconf 87' lang='lat' dir='ltr'>evellatur,</span> <span class='ocrx_word' id='word_1_335' title='bbox 1002 3773 1051 3838; x_wconf 72' lang='lat' dir='ltr'>dss.</span> <span class='ocrx_word' id='word_1_336' title='bbox 1071 3818 1102 3825; x_wconf 86' lang='lat'><em>-</em></span> <span class='ocrx_word' id='word_1_337' title='bbox 1120 3792 1171 3824; x_wconf 92' lang='lat' dir='ltr'>cum</span> <span class='ocrx_word' id='word_1_338' title='bbox 1184 3773 1283 3835; x_wconf 86' lang='lat' dir='ltr'>volvens,</span> <span class='ocrx_word' id='word_1_339' title='bbox 1295 3773 1331 3825; x_wconf 91' lang='lat' dir='ltr'>V.</span> 
     </span>
     <span class='ocr_line' id='line_1_38' title="bbox 212 3837 1331 3909; baseline -0.004 -15"><span class='ocrx_word' id='word_1_340' title='bbox 212 3887 242 3894; x_wconf 83' lang='grc'><strong>-</strong></span> <span class='ocrx_word' id='word_1_341' title='bbox 261 3845 286 3893; x_wconf 88' lang='lat' dir='ltr'>in</span> <span class='ocrx_word' id='word_1_342' title='bbox 298 3847 388 3907; x_wconf 86' lang='lat' dir='ltr'>ambra,</span> <span class='ocrx_word' id='word_1_343' title='bbox 400 3847 483 3895; x_wconf 87' lang='lat' dir='ltr'>VRd.</span> <span class='ocrx_word' id='word_1_344' title='bbox 510 3845 601 3906; x_wconf 86' lang='lat' dir='ltr'>umbro,</span> <span class='ocrx_word' id='word_1_345' title='bbox 618 3860 636 3909; x_wconf 77' lang='grc' dir='ltr'><em>γ</em></span> <span class='ocrx_word' id='word_1_346' title='bbox 651 3845 712 3894; x_wconf 82' lang='lat' dir='ltr'>vitio</span> <span class='ocrx_word' id='word_1_347' title='bbox 730 3860 873 3908; x_wconf 87' lang='lat' dir='ltr'>operarum.</span> <span class='ocrx_word' id='word_1_348' title='bbox 892 3886 923 3894; x_wconf 91' lang='lat'>..</span> <span class='ocrx_word' id='word_1_349' title='bbox 949 3844 1028 3904; x_wconf 81' lang='lat' dir='ltr'>ternis,</span> <span class='ocrx_word' id='word_1_350' title='bbox 1045 3837 1125 3894; x_wconf 74' lang='lat' dir='ltr'>OVd.</span> <span class='ocrx_word' id='word_1_351' title='bbox 1153 3837 1331 3907; x_wconf 66' lang='lat' dir='ltr'>tribuaRssr.</span> 
     </span>
     <span class='ocr_line' id='line_1_39' title="bbox 211 3908 1333 3975; baseline -0.003 -15"><span class='ocrx_word' id='word_1_352' title='bbox 211 3953 242 3961; x_wconf 89' lang='lat'>..</span> <span class='ocrx_word' id='word_1_353' title='bbox 262 3921 393 3974; x_wconf 84' lang='lat' dir='ltr'>cruentata,</span> <span class='ocrx_word' id='word_1_354' title='bbox 407 3908 547 3967; x_wconf 73' lang='lat' dir='ltr'>OVRTu.</span> <span class='ocrx_word' id='word_1_355' title='bbox 574 3921 679 3973; x_wconf 84' lang='lat' dir='ltr'>cruenta,</span> <span class='ocrx_word' id='word_1_356' title='bbox 695 3908 747 3975; x_wconf 74' lang='grc' dir='ltr'>βγ.</span> <span class='ocrx_word' id='word_1_357' title='bbox 765 3954 796 3962; x_wconf 83' lang='grc'>-</span> <span class='ocrx_word' id='word_1_358' title='bbox 821 3921 870 3974; x_wconf 88' lang='lat' dir='ltr'>eut,</span> <span class='ocrx_word' id='word_1_359' title='bbox 887 3916 910 3963; x_wconf 95' lang='lat' dir='ltr'>d.</span> <span class='ocrx_word' id='word_1_360' title='bbox 938 3911 1064 3974; x_wconf 68' lang='lat' dir='ltr'>attavis.</span> <span class='ocrx_word' id='word_1_361' title='bbox 1085 3953 1114 3961; x_wconf 92' lang='lat'>..</span> <span class='ocrx_word' id='word_1_362' title='bbox 1139 3909 1241 3970; x_wconf 85' lang='lat' dir='ltr'>decoctu,</span> <span class='ocrx_word' id='word_1_363' title='bbox 1257 3912 1282 3960; x_wconf 88' lang='lat' dir='ltr'>d.</span> <span class='ocrx_word' id='word_1_364' title='bbox 1310 3916 1333 3958; x_wconf 91' lang='lat' dir='ltr'>et</span> 
     </span>
     <span class='ocr_line' id='line_1_40' title="bbox 211 3978 1092 4044; baseline 0.001 -16"><span class='ocrx_word' id='word_1_365' title='bbox 211 3978 314 4039; x_wconf 85' lang='lat' dir='ltr'>decocta,</span> <span class='ocrx_word' id='word_1_366' title='bbox 326 3982 387 4031; x_wconf 87' lang='lat' dir='ltr'>VR.</span> <span class='ocrx_word' id='word_1_367' title='bbox 406 4022 437 4030; x_wconf 85' lang='lat'>..</span> <span class='ocrx_word' id='word_1_368' title='bbox 454 3996 550 4044; x_wconf 85' lang='lat' dir='ltr'>parurn,</span> <span class='ocrx_word' id='word_1_369' title='bbox 563 3983 596 4031; x_wconf 92' lang='lat' dir='ltr'>V.</span> <span class='ocrx_word' id='word_1_370' title='bbox 616 4021 647 4030; x_wconf 85' lang='lat'>..</span> <span class='ocrx_word' id='word_1_371' title='bbox 665 3979 738 4030; x_wconf 83' lang='lat' dir='ltr'>simili</span> <span class='ocrx_word' id='word_1_372' title='bbox 748 3980 823 4042; x_wconf 88' lang='lat' dir='ltr'>modo,</span> <span class='ocrx_word' id='word_1_373' title='bbox 837 3983 861 4030; x_wconf 89' lang='lat' dir='ltr'>d.</span> <span class='ocrx_word' id='word_1_374' title='bbox 882 3978 1019 4041; x_wconf 84' lang='lat' dir='ltr'>similitudo,</span> <span class='ocrx_word' id='word_1_375' title='bbox 1031 3981 1092 4031; x_wconf 90' lang='lat' dir='ltr'>VR.</span> 
     </span>
    </p>
   </div>
   <div class='ocr_carea' id='block_1_6' title="bbox 211 4070 1333 4340">
    <p class='ocr_par' dir='ltr' id='par_1_10' title="bbox 211 4070 1333 4340">
     <span class='ocr_line' id='line_1_41' title="bbox 245 4070 1333 4135; baseline 0.001 -15"><span class='ocrx_word' id='word_1_376' title='bbox 245 4073 259 4134; x_wconf 68' lang='grc' dir='ltr'><strong>ξ</strong></span> <span class='ocrx_word' id='word_1_377' title='bbox 275 4078 330 4121; x_wconf 74' lang='grc'>121.</span> <span class='ocrx_word' id='word_1_378' title='bbox 349 4070 490 4134; x_wconf 88' lang='lat' dir='ltr'>Pelecinum,</span> <span class='ocrx_word' id='word_1_379' title='bbox 500 4076 524 4123; x_wconf 88' lang='lat' dir='ltr'>d.</span> <span class='ocrx_word' id='word_1_380' title='bbox 542 4072 723 4132; x_wconf 76' lang='lat' dir='ltr'>PelecinumR.</span> <span class='ocrx_word' id='word_1_381' title='bbox 742 4072 892 4135; x_wconf 86' lang='lat' dir='ltr'>Pellecinom,</span> <span class='ocrx_word' id='word_1_382' title='bbox 902 4074 935 4122; x_wconf 90' lang='lat' dir='ltr'>V.</span> <span class='ocrx_word' id='word_1_383' title='bbox 952 4073 1263 4130; x_wconf 82' lang='lat' dir='ltr'>Octernmv.Dioscor.8,</span> <span class='ocrx_word' id='word_1_384' title='bbox 1274 4077 1333 4122; x_wconf 83' lang='grc'>166.</span> 
     </span>
     <span class='ocr_line' id='line_1_42' title="bbox 212 4133 1333 4206; baseline 0.002 -19"><span class='ocrx_word' id='word_1_385' title='bbox 212 4179 243 4187; x_wconf 83' lang='grc'><strong>-</strong></span> <span class='ocrx_word' id='word_1_386' title='bbox 256 4135 360 4187; x_wconf 78' lang='lat' dir='ltr'>diximus</span> <span class='ocrx_word' id='word_1_387' title='bbox 371 4146 409 4201; x_wconf 86' lang='grc'>18,</span> <span class='ocrx_word' id='word_1_388' title='bbox 422 4147 477 4190; x_wconf 86' lang='grc'>155.</span> <span class='ocrx_word' id='word_1_389' title='bbox 491 4182 521 4190; x_wconf 87' lang='grc'>..</span> <span class='ocrx_word' id='word_1_390' title='bbox 533 4141 578 4204; x_wconf 75' lang='lat' dir='ltr'>pit,</span> <span class='ocrx_word' id='word_1_391' title='bbox 591 4142 676 4193; x_wconf 87' lang='lat' dir='ltr'>VRd.</span> <span class='ocrx_word' id='word_1_392' title='bbox 692 4140 752 4206; x_wconf 73' lang='lat' dir='ltr'>yut,</span> <span class='ocrx_word' id='word_1_393' title='bbox 763 4137 814 4205; x_wconf 75' lang='grc' dir='ltr'>βγ.</span> <span class='ocrx_word' id='word_1_394' title='bbox 828 4182 859 4190; x_wconf 81' lang='grc'><strong>-</strong></span> <span class='ocrx_word' id='word_1_395' title='bbox 872 4139 960 4202; x_wconf 87' lang='lat' dir='ltr'>utilem,</span> <span class='ocrx_word' id='word_1_396' title='bbox 970 4142 1005 4191; x_wconf 90' lang='lat' dir='ltr'>V.</span> <span class='ocrx_word' id='word_1_397' title='bbox 1019 4182 1050 4191; x_wconf 91' lang='lat'>..</span> <span class='ocrx_word' id='word_1_398' title='bbox 1062 4139 1180 4200; x_wconf 84' lang='lat' dir='ltr'>antidota,</span> <span class='ocrx_word' id='word_1_399' title='bbox 1193 4133 1333 4190; x_wconf 74' lang='lat' dir='ltr'>OVRTd.</span> 
     </span>
     <span class='ocr_line' id='line_1_43' title="bbox 211 4202 1333 4273; baseline 0.002 -20"><span class='ocrx_word' id='word_1_400' title='bbox 211 4204 331 4267; x_wconf 80' lang='lat' dir='ltr'>antidotia,</span> <span class='ocrx_word' id='word_1_401' title='bbox 343 4202 372 4267; x_wconf 79' lang='grc' dir='ltr'>β.</span> <span class='ocrx_word' id='word_1_402' title='bbox 391 4248 421 4257; x_wconf 77' lang='grc'>-</span> <span class='ocrx_word' id='word_1_403' title='bbox 441 4206 569 4272; x_wconf 76' lang='lat' dir='ltr'>Polpqata,</span> <span class='ocrx_word' id='word_1_404' title='bbox 581 4211 736 4270; x_wconf 78' lang='lat' dir='ltr'>Dioscor.t,</span> <span class='ocrx_word' id='word_1_405' title='bbox 752 4215 808 4261; x_wconf 88' lang='grc'>140.</span> <span class='ocrx_word' id='word_1_406' title='bbox 827 4251 858 4259; x_wconf 84' lang='grc'><strong>-</strong></span> <span class='ocrx_word' id='word_1_407' title='bbox 874 4207 959 4272; x_wconf 76' lang='lat' dir='ltr'>palmi,</span> <span class='ocrx_word' id='word_1_408' title='bbox 971 4211 1002 4260; x_wconf 87' lang='lat' dir='ltr'>R.</span> <span class='ocrx_word' id='word_1_409' title='bbox 1021 4207 1111 4273; x_wconf 87' lang='lat' dir='ltr'>palmo,</span> <span class='ocrx_word' id='word_1_410' title='bbox 1125 4202 1206 4258; x_wconf 71' lang='lat' dir='ltr'>OVd.</span> <span class='ocrx_word' id='word_1_411' title='bbox 1226 4248 1256 4257; x_wconf 84' lang='grc'>-</span> <span class='ocrx_word' id='word_1_412' title='bbox 1274 4204 1333 4255; x_wconf 79' lang='lat' dir='ltr'>otu.</span> 
     </span>
     <span class='ocr_line' id='line_1_44' title="bbox 212 4266 1325 4340; baseline 0.001 -17"><span class='ocrx_word' id='word_1_413' title='bbox 212 4271 321 4336; x_wconf 82' lang='lat' dir='ltr'>tudinem,</span> <span class='ocrx_word' id='word_1_414' title='bbox 337 4266 416 4324; x_wconf 74' lang='lat' dir='ltr'>ORd.</span> <span class='ocrx_word' id='word_1_415' title='bbox 442 4273 575 4337; x_wconf 81' lang='lat' dir='ltr'>altitudine,</span> <span class='ocrx_word' id='word_1_416' title='bbox 591 4278 625 4327; x_wconf 90' lang='lat' dir='ltr'>V.</span> <span class='ocrx_word' id='word_1_417' title='bbox 647 4318 676 4325; x_wconf 92' lang='grc'>..</span> <span class='ocrx_word' id='word_1_418' title='bbox 701 4275 782 4340; x_wconf 86' lang='lat' dir='ltr'>inplet,</span> <span class='ocrx_word' id='word_1_419' title='bbox 798 4279 886 4327; x_wconf 90' lang='lat' dir='ltr'>Dalec.</span> <span class='ocrx_word' id='word_1_420' title='bbox 913 4275 1018 4340; x_wconf 60' lang='lat' dir='ltr'>impet,</span> <span class='ocrx_word' id='word_1_421' title='bbox 1032 4272 1061 4326; x_wconf 83' lang='grc' dir='ltr'>θ.</span> <span class='ocrx_word' id='word_1_422' title='bbox 1088 4275 1160 4339; x_wconf 77' lang='lat' dir='ltr'>impet,</span> <span class='ocrx_word' id='word_1_423' title='bbox 1177 4276 1211 4326; x_wconf 88' lang='lat' dir='ltr'>V.</span> <span class='ocrx_word' id='word_1_424' title='bbox 1235 4282 1283 4339; x_wconf 77' lang='lat' dir='ltr'>pet,</span> <span class='ocrx_word' id='word_1_425' title='bbox 1299 4274 1325 4324; x_wconf 77' lang='lat' dir='ltr'><strong>B</strong></span> 
     </span>
    </p>
   </div>
   <div class='ocr_carea' id='block_1_7' title="bbox 0 0 1474 4800">
    <p class='ocr_par' dir='ltr' id='par_1_11' title="bbox 0 0 1474 4800">
     <span class='ocr_line' id='line_1_45' title="bbox 0 0 1474 4800; baseline 0 0"><span class='ocrx_word' id='word_1_426' title='bbox 0 0 1474 4800; x_wconf 95' lang='lat' dir='ltr'> </span> 
     </span>
    </p>
   </div>
  </div>
 </body>
</html>
