2918 4800
450 285 517 329 am.
535 250 646 331 xxm?
665 285 742 332 cnr.
759 287 781 330 1.
813 284 944 331 sucas.
1199 269 1259 331 341

142 438 290 501 damnato
313 435 470 500 ademisse
493 435 665 501 Claudium
692 436 871 523 prinoipem
898 437 1065 519 eidemque
1093 438 1125 500 in
1155 435 1263 502 Gallia

141 538 301 604 exsulanti
325 549 356 602 et
378 537 493 602 deinde
515 538 661 603 restituto
676 538 869 622 acquisitum
883 561 947 602 nou
962 539 1067 602 minus
1082 540 1166 603 intra
1180 563 1261 625 pau·

141 663 194 707 cos
217 662 327 706 annos.
350 639 395 703 Et
414 638 493 704 haee
515 641 664 725 personis
686 641 890 725 inputentur3
924 664 964 704 ne
988 640 1111 705 faecem
1132 641 1262 724 quidem
1278 660 1309 703 aa

139 753 195 805 aut
215 741 375 804 inscitiam
398 740 466 804 eius
488 740 600 807 turbae
615 764 798 827 arguamus,
821 742 965 826 ipsorum
980 742 1260 827 intemperantiam

43 857 55 873 ‘
140 843 173 905 in
199 843 320 907 morbis
349 863 504 925 aquarum
527 843 702 907 calidarum
723 843 943 921 deverticulis,
975 844 1136 930 inperiosa
1157 832 1265 908 inedia

141 955 172 1008 et
201 943 242 1007 ab
269 943 384 1009 iisdem
414 944 634 1009 deficientibus
662 945 733 1010 cibo
761 946 889 1031 saepius
916 947 968 1011 die
997 947 1142 1032 ingesto,
1178 946 1263 1011 mille

139 1059 306 1133 praeterea
326 1046 544 1132 paenitentiae
566 1046 685 1125 modis,
709 1047 886 1112 culinarum
910 1048 1004 1113 etiam
1027 1048 1209 1134 praeceptis
1231 1059 1263 1113 et

139 1159 376 1235 unguentorum
399 1148 562 1225 mixturis,
591 1149 718 1232 quando
746 1150 849 1214 nullas
877 1150 1015 1215 omisere
1038 1150 1122 1214 vitae
1144 1150 1261 1215 inlece-

139 1253 224 1317 bras.
257 1250 370 1314 In-vehi
399 1250 588 1336 peregrinas
610 1251 727 1315 mercis
750 1251 974 1336 conciliarique
1001 1263 1132 1317 externa
1156 1253 1262 1338 pretia
1275 1270 1307 1314 24

140 1353 343 1440 displicuisse
365 1352 540 1417 maioribus
564 1353 753 1418 crediderim
776 1354 939 1438 equidem,
975 1379 1039 1419 non
1068 1365 1174 1417 tamen
1200 1353 1262 1419 hoc

141 1455 296 1521 Catonem
318 1455 510 1541 providisse,
534 1478 606 1520 oum
630 1456 797 1522 damnaret
819 1467 930 1521 artem.
954 1456 1108 1521 Theriaoe
1128 1465 1262 1520 vocatur

139 1559 317 1644 excogitata
341 1557 531 1640 compositio
553 1558 715 1633 luxuriae3
744 1559 779 1622 fit
801 1582 842 1623 ex
863 1557 961 1624 rebus
985 1557 1158 1633 sexcentis,
1188 1580 1261 1622 cum

139 1671 186 1725 tot
206 1659 349 1724 remedia
370 1659 496 1723 dederit
517 1670 642 1736 natura,
665 1682 747 1743 quae
764 1661 891 1748 singula
907 1661 1099 1726 sufficerent.
1120 1656 1259 1723 Mithra·

138 1763 261 1827 datium
287 1761 466 1826 antidotum
494 1783 535 1825 ex
563 1759 660 1825 rebus
688 1785 742 1825 mv
771 1763 988 1849 componitur,
1016 1760 1145 1825 interim
1172 1759 1259 1824 nullo

137 1863 278 1949 pondere
300 1863 425 1947 aequali
440 1872 471 1927 et
486 1863 685 1946 quarundam
700 1888 807 1929 rerum
823 1866 1024 1953 sexagesima
1039 1861 1150 1927 denari
1164 1860 1260 1925 unius

136 1965 297 2048 inperata,
319 1986 383 2048 quo
405 1964 537 2028 deorum
552 1965 717 2050 perfidiam
738 1966 833 2030 istam
848 1964 1059 2031 monstrantel
1083 1961 1258 2027 Hominum
1273 1978 1304 2021 25

138 2065 223 2130 enim
247 2066 406 2131 subtilitas
429 2077 517 2130 tanta
539 2089 608 2130 esse
630 2073 702 2131 non'
715 2068 833 2152 potuit;
857 2067 1029 2132 ostentatio
1044 2064 1120 2128 artis
1135 2075 1167 2128 et
1180 2086 1257 2148 por-

139 2176 264 2232 tentosa
286 2167 438 2232 scientiae
460 2167 636 2231 venditatio
658 2168 830 2232 manifesta
851 2179 909 2233 est.
933 2169 985 2232 Ac
998 2190 1039 2232 ne
1049 2165 1112 2251 ipsi
1127 2164 1257 2248 quidem

137 2269 192 2334 illa
215 2291 332 2333 novere
355 2270 547 2354 conperique
575 2269 669 2356 volgo
697 2292 757 2354 pro
781 2269 945 2335 cinnabari
966 2268 1080 2332 Indica
1100 2268 1134 2330 in
1155 2265 1257 2329 medi·

136 2381 281 2434 cementa
302 2370 436 2435 minium
458 2371 534 2434 addi
556 2371 683 2435 inscitia
705 2371 858 2449 nominis,
891 2371 978 2455 qnod
1006 2391 1077 2434 esse
1099 2388 1257 2432 venenum

137 2471 323 2537 docebimus
345 2473 429 2537 inter
450 2473 626 2560 pigmenta.
655 2473 778 2541 Verum
804 2473 884 2537 haec
911 2473 952 2536 ad
982 2471 1180 2559 singulorum
1204 2489 1256 2532 sa·
1271 2483 1302 2527 26

135 2573 234 2637 lutem
256 2573 426 2659 pertinent,
449 2574 503 2637 illa
524 2584 629 2638 autem
652 2596 733 2657 quae
757 2575 862 2639 timuit
885 2571 967 2638 Cato
989 2584 1084 2656 atque
1105 2568 1256 2656 providit,

136 2673 355 2740 innocentiora
375 2677 476 2740 multo
499 2685 531 2740 et
551 2698 652 2761 parva
666 2677 809 2762 opinatu,
830 2699 913 2760 quae
927 2697 1079 2762 proceres
1094 2671 1172 2736 artis
1187 2671 1257 2736 eius

137 2775 176 2838 de
199 2788 298 2842 semet
320 2777 383 2862 ipsi
404 2777 575 2857 fateantur,
598 2779 652 2843 illa
666 2779 834 2863 perdidere
851 2779 952 2865 inpari
969 2798 1085 2854 mores,
1107 2774 1161 2839 illa
1174 2796 1257 2857 quae

138 2912 307 3032 „dducentrq³
317 2918 372 2966 Vd.
396 2959 426 2966 -
449 2918 620 2981 recondentem,
641 2911 780 2970 OVRTc.
804 2918 948 2981 conductum,
965 2912 994 2979 β.
1014 2959 1045 2967 ..
1069 2915 1105 2964 bi.
1122 2921 1152 2976 ol,
1171 2915 1204 2964 V.
1224 2955 1255 2962 -

136 2999 152 3029 α
170 2982 271 3042 enimam,
313 2987 328 3032 ¹.

169 3049 238 3109 §tta
256 3049 372 3110 inscitum,
389 3052 420 3101 T.
438 3094 469 3102 -
494 3055 588 3112 turbae,
606 3056 629 3102 d.
653 3051 856 3113 turbam,VRT.
875 3095 907 3103 ..
931 3050 1163 3116 arquanaevua
1182 3064 1255 3111 arqu-

136 3131 206 3175 emua,
219 3117 314 3166 R¹Td.
334 3158 364 3166 ..
384 3117 493 3181 ipsorum,
506 3121 589 3170 VRd.
607 3119 761 3182 premuntque,
773 3115 802 3180 β.
822 3161 853 3169 -
873 3119 1086 3182 intemperantiam,
1099 3118 1151 3166 Rd.
1174 3117 1255 3162 intem-

132 3182 255 3245 perantia,
268 3184 301 3232 V.
321 3225 352 3234 -
369 3183 525 3248 pallidorum,
537 3187 570 3235 V.
595 3226 626 3234 -
650 3183 807 3247 decorticatis,
824 3187 857 3235 V.
880 3183 1033 3244 diverticulis,
1050 3184 1103 3233 Rd.
1127 3223 1158 3231 ..
1183 3181 1255 3253 impe-

135 3250 201 3297 riosa
213 3248 300 3312 inedia,
313 3253 397 3303 VRd.
416 3252 563 3316 imperiosam
576 3250 686 3308 inediam,
697 3248 748 3317 βγ,
763 3295 793 3302 .„
807 3252 902 3314 hisdem,
914 3254 948 3302 V.
962 3294 992 3301 -
1006 3251 1065 3312 cibo,
1077 3250 1139 3300 VR.
1158 3248 1255 3308 cibos,d

136 3316 221 3379 (codd.
235 3318 305 3382 Gel.)
317 3315 368 3384 βγ,
388 3361 418 3369 ..
438 3318 475 3368 die
486 3320 584 3384 inpacto,
596 3320 648 3369 V2.
666 3317 719 3368 dein
734 3328 806 3385 peste,
818 3321 914 3370 V'Rd.
934 3319 973 3368 die
988 3320 1096 3382 inpactae,
1109 3319 1183 3366 codd.
1197 3317 1255 3368 Gal.

134 3380 185 3448 βγ.
208 3428 237 3435 -
253 3387 417 3450 poenitentiae,
429 3388 461 3436 V.
497 3386 629 3448 enitentiae,
641 3388 690 3436 Ra
705 3387 833 3451 potentiue,
847 3389 891 3437 R¹.
910 3387 1064 3452 appetentiae,
1077 3387 1130 3435 Τὰ.

169 3457 237 3516 §24.
254 3455 448 3518 externepretia,
490 3456 600 3505 Vltro.
619 3462 724 3503 extremo
738 3455 828 3519 pretia,
840 3452 869 3516 β.
893 3463 981 3504 exemto
989 3454 1075 3519 pretio,
1089 3454 1121 3504 Κ.
1141 3493 1171 3501 -
1191 3452 1254 3514 equi-

136 3518 195 3581 dem,
207 3524 259 3572 Rd.
278 3531 301 3571 et
317 3521 417 3586 quidem,
428 3524 462 3572 V.
489 3564 525 3583 -,
546 3521 670 3583 Theriace,
682 3525 784 3573 Barbar.
809 3523 919 3585 tteriae,
932 3525 994 3574 VR.
1017 3521 1108 3582 nette,
1122 3523 1144 3569 d.
1165 3561 1196 3568 ..
1214 3535 1254 3568 ex-

135 3588 230 3651 coyitct,
242 3590 275 3639 V.
295 3633 326 3641 -
347 3590 460 3654 tamesae,
472 3592 552 3641 VR².
572 3590 661 3641 Omitt.
673 3593 770 3641 R¹Td
790 3633 821 3641 -
832 3591 868 3654 fit
879 3608 920 3653 ωας
933 3607 978 3655 pro
991 3593 1031 3641 his
1042 3606 1081 3639 vv.
1095 3586 1256 3648 habentfiait

134 3655 197 3716 VR,
208 3656 273 3717 fixis
286 3660 309 3707 d.
330 3699 360 3708 ..
377 3659 499 3718 sexcentis,
515 3659 614 3709 Fabrio.
630 3659 747 3709 biblioth.
766 3659 809 3710 Gr.
828 3666 851 3716 2,
866 3665 922 3710 692.
941 3658 1052 3717 externis,
1068 3651 1199 3720 VRdssy.
1220 3697 1252 3705 -

135 3721 332 3785 Mithridation,
349 3727 425 3777 VR'.
448 3725 637 3786 Mithridatem,
659 3720 763 3776 9R2‘r.
786 3725 991 3787 mitridaticum,
1009 3721 1080 3788 ᾱβγ.
1106 3765 1136 3773 -
1161 3722 1252 3771 interim

60 3834 66 3847 ,
135 3787 206 3850 nullo,
219 3792 243 3839 d.
261 3791 354 3841 interim
365 3793 448 3855 nullos,
460 3796 492 3844 R.
511 3793 573 3842 inter
585 3791 667 3854 nullos,
681 3794 743 3844 VT.
757 3835 787 3844 ..
801 3793 903 3857 aequali,
916 3796 992 3844 Rrr.
1011 3808 1096 3855 aequa,
1107 3792 1206 3840 vird.
1221 3831 1251 3839 -

135 3856 289 3920 quarundem,
306 3861 340 3910 V.
363 3902 393 3910 ..
415 3871 486 3925 porte
501 3861 657 3925 seacyest'mu,
674 3862 707 3911 K.
731 3903 762 3911 -
785 3862 920 3924 imperator,
938 3863 1022 3912 VRd.
1041 3902 1071 3909 ..
1092 3875 1137 3921 quo
1149 3856 1251 3919 deorum,

138 3917 257 3975 OVRT.
276 3925 340 3989 quod
350 3943 434 3989 eorum,
447 3931 470 3978 d.
490 3971 520 3979 -
536 3927 671 3992 perfidem,
688 3923 826 3980 OVRTd.
847 3970 876 3978 -
895 3929 973 3989 istum,
985 3929 1016 3977 R.
1035 3927 1089 3983 istc,
1106 3918 1216 3975 Ovrd.

168 3992 183 4052 ἓ
196 3999 236 4043 25.
255 3992 306 4054 itta,
318 3995 403 4045 VRd.
422 3995 495 4057 illum,
507 3993 557 4060 βγ.
576 4038 607 4046 ..
626 3994 688 4044 addi
698 3995 800 4054 inscitia,
813 3997 862 4046 R2.
881 3994 1066 4054 aedeincoitium,
1078 3995 1174 4043 VR'd.

168 4063 182 4124 ξ
196 4066 237 4111 26.
255 4059 337 4124 multu,
346 4064 378 4112 R.
393 4104 423 4112 -
436 4062 541 4127 opinata,
554 4064 578 4113 R
587 4065 625 4113 ²d.
644 4064 746 4128 opinato,
759 4058 860 4114 OVR'.
873 4105 904 4114 ..
918 4063 967 4113 eius
979 4062 1008 4111 de
1018 4069 1089 4110 semet
1100 4060 1154 4124 t'psi,
1166 4062 1250 4112 VTd.

135 4127 184 4176 eius
197 4126 225 4176 de
237 4139 308 4178 semet
319 4129 384 4194 ipris,
395 4132 419 4180 R
427 4133 444 4179 ².
464 4130 513 4180 eius
526 4130 554 4180 de
566 4131 706 4194 semetipso,
719 4133 764 4182 R¹.
786 4129 887 4179 eiusdem
904 4131 928 4179 in
944 4138 1014 4178 seruet
1026 4128 1094 4192 ipsis,
1105 4124 1133 4189 β.
1158 4171 1188 4179 -
1202 4131 1250 4193 sa-

136 4201 236 4258 teantar,
248 4199 359 4249 VRTd.
374 4197 494 4260 fatentur,
504 4195 534 4259 β.
549 4241 578 4248 ..
595 4197 729 4263 prodidere,
747 4199 848 4250 Gruter.
866 4202 898 4250 ad
914 4199 968 4250 Lir.
989 4204 1010 4259 1,
1030 4203 1068 4247 13.
1083 4212 1096 4247 c
1113 4198 1205 4248 codice.
1220 4239 1249 4249 .-

135 4261 239 4326 imperio,
252 4266 305 4315 Rd.
325 4308 354 4316 ..
373 4265 425 4329 itta,
438 4281 488 4317 om.
502 4267 534 4316 K.
