2918 4800
187 284 249 346 tes
537 300 742 346 sarrnaurs
763 299 958 346 msromas

228 455 259 517 8.
292 450 424 516 Morsus
456 451 594 515 bominis
623 452 708 514 iuter
732 452 927 536 asperrimos
954 473 1084 534 quoque
1109 466 1307 517 numeratur.
1321 474 1358 517 so

185 552 362 619 Medeutur
384 553 495 618 sordes
515 576 556 618 ex
578 553 713 617 auribus
731 576 780 629 ac,
794 554 925 636 nequis
937 554 1082 630 miretur,
1102 553 1201 616 etiam
1216 576 1308 618 scor·

183 655 316 741 pianum
329 652 449 719 ictibus
463 655 725 739 serpentiumque
738 656 847 718 statim
859 656 1030 739 inpositae,
1052 655 1168 719 melius
1188 679 1209 719 e
1228 677 1306 739 per-

183 757 270 822 cussi
295 756 443 829 auribus;
461 755 613 838 -produnt
644 757 690 819 ita
721 770 755 819 et
781 755 924 819 rediviae
950 757 1075 832 samm,
1108 757 1308 842 serpentium

184 881 262 924 vero
283 859 384 922 ictum
404 858 553 921 coutuusi
573 857 680 920 dentis
699 856 830 920 humani
851 857 962 920 farma.

226 961 256 1024 9.
292 958 439 1044 Capillus
467 980 569 1042 puero
596 958 652 1041 qui
673 958 813 1042 primum
834 958 965 1022 decisus
991 971 1041 1022 est
1066 960 1231 1048 pothgrse
1251 961 1350 1024 in·41

183 1075 277 1148 petus
298 1061 417 1125 dicitur
436 1062 545 1124 levare
565 1059 807 1143 circumligatus
827 1074 861 1123 et
881 1060 915 1123 iu
941 1074 1045 1124 totmn
1068 1061 1240 1147 inpubium
1252 1063 1307 1125 in·

183 1164 302 1250 positu.
325 1162 479 1227 Virorum
499 1183 630 1245 quoque
651 1161 788 1246 capillus
808 1161 901 1225 canis
919 1161 1082 1226 morsibus
1102 1164 1251 1228 medetur
1264 1187 1307 1228 ex

184 1276 275 1329 aceto
296 1277 329 1328 et
349 1265 493 1351 capitum
514 1263 699 1328 volueribus
720 1287 761 1328 ex
781 1265 853 1328 oleo
874 1280 930 1328 aut
952 1266 1045 1341 rino,
1072 1266 1100 1329 si
1128 1265 1302 1343 credimus,

182 1390 204 1432 a
222 1367 348 1431 revolso
369 1367 467 1444 eruci,
490 1365 666 1449 quartanis,
688 1365 865 1431 conbustus
882 1367 994 1451 utique
1007 1367 1142 1452 tapsslus
1156 1369 1302 1433 carcino-

182 1467 272 1531 mati.
295 1466 392 1531 Pueri
416 1468 472 1550 qui
493 1469 617 1553 primus
639 1468 792 1532 ceciderit
812 1469 904 1545 dens,
926 1482 964 1532 ut
985 1484 1103 1534 terram
1123 1492 1189 1532 nou
1203 1471 1304 1533 uttin-

183 1583 255 1655 gat,
287 1570 432 1633 inclusus
464 1569 498 1632 in
533 1569 689 1632 armillam
717 1584 750 1633 et
776 1570 912 1634 adsidue
938 1571 974 1634 iu
999 1571 1149 1636 bracchio
1174 1571 1305 1636 babitus

182 1672 387 1738 muliebrium
407 1670 550 1735 locorum
572 1670 698 1735 dolores
720 1671 876 1756 probibet.
910 1671 1024 1736 Pollex
1050 1675 1086 1737 in
1104 1673 1187 1758 pede
1208 1695 1304 1757 prae-
1319 1689 1353 1731 ⁴2

181 1773 302 1861 ligatus
328 1797 486 1858 proxumo
513 1773 616 1861 digito
644 1788 786 1838 tumores
813 1774 982 1859 inguinum
1009 1775 1116 1851 sedat;
1144 1777 1178 1839 in
1206 1797 1305 1839 manu

183 1876 318 1941 dextera
345 1876 410 1940 duo
434 1875 532 1939 medii
559 1875 626 1939 lino
646 1875 762 1940 leviter
782 1875 936 1961 conligati
957 1876 1187 1941 destillationes
1208 1890 1305 1960 atque

181 1977 392 2063 lippitudines
405 1988 524 2042 arcent.
548 1974 638 2057 Quin
660 1988 692 2040 et
713 1976 833 2040 eiectus
853 1975 982 2061 lapillus
1003 1977 1163 2042 calculoso
1176 1979 1302 2064 adliga-

183 2093 299 2163 tusque
322 2102 419 2166 supra
441 2079 561 2164 pubem
582 2079 690 2143 levare
712 2090 835 2142 ceteros
856 2079 977 2142 dicitur
995 2101 1033 2143 sc
1046 2079 1194 2144 iocineris
1207 2081 1304 2143 etism

183 2180 310 2245 dolores
337 2192 369 2245 et
396 2179 592 2245 celeritatem
619 2190 733 2264 partus
754 2179 878 2257 lacem
907 2180 1007 2245 adicit
1030 2182 1174 2247 Granius
1194 2181 1303 2245 effiea·

181 2281 300 2347 olorem
322 2282 445 2346 adhoc
467 2303 538 2346 esse
560 2282 648 2346 ferro
676 2294 871 2364 exemptum.
893 2280 1012 2346 Partus
1040 2283 1202 2347 adcelerat
1222 2283 1304 2346 vici·

180 2407 251 2461 nos,
273 2406 313 2448 ex
335 2404 399 2465 quo
419 2404 565 2465 quaeque
585 2383 768 2467 conceperit
790 2383 817 2446 si
837 2383 943 2447 cinctu
959 2407 1018 2448 suo
1033 2385 1137 2448 soluto
1153 2384 1303 2447 feminam

181 2484 325 2562 cinxerit,
347 2483 421 2547 dein
445 2483 574 2548 solverit
595 2483 718 2548 adiecta
739 2485 924 2569 precatione
946 2509 981 2550 se
1000 2485 1146 2550 vinxisse
1166 2485 1304 2550 eundem

184 2599 217 2652 et
239 2589 419 2652 soluturum
440 2598 537 2669 etque
559 2585 684 2650 abierit.

227 2689 276 2752 10.
299 2684 466 2774 Sanguine
488 2687 591 2772 ipsius
612 2687 750 2753 hominis
764 2711 966 2774 quacumque
985 2700 1076 2775 perte
1095 2689 1214 2754 emisso
1232 2688 1303 2753 effi·
1317 2704 1350 2747 4³

87 2815 94 2828 ·
182 2788 346 2855 cecissime
367 2790 518 2877 anginam
539 2789 629 2854 inlini
652 2791 782 2854 tradunt
796 2788 948 2877 Orpbeus
968 2802 1000 2855 et
1014 2792 1203 2870 Archelaus,
1224 2791 1305 2855 item

182 2913 239 2955 ore
261 2891 412 2956 comitiali
434 2891 545 2962 morbo
566 2893 805 2977 conlapsorum3
834 2916 1009 2979 exsurgere
1038 2893 1123 2958 enim
1144 2892 1304 2979 protinus3

184 2991 333 3076 quidam,
363 2993 389 3057 si
418 2993 549 3078 pollices
577 2994 695 3079 pedum
724 3005 910 3080 pungantur
937 3017 1058 3079 eaeque
1083 3006 1195 3081 guttae
1222 2993 1304 3057 refe-

217 3204 284 3266 μθ.
309 3202 461 3265 mmmm,
475 3205 537 3255 VR.
557 3245 586 3253 -
612 3212 754 3264 numerator,
767 3204 842 3255 ΨΒ.
860 3245 891 3252 ..
911 3203 990 3264 ettam,
1003 3205 1034 3253 R.
1057 3211 1088 3263 et,
1100 3204 1155 3253 Vd.
1175 3243 1204 3250 ..
1224 3217 1305 3264 epto

183 3270 209 3319 h.
222 3285 245 3319 v.
257 3271 354 3321 hebent
365 3279 389 3319 et
400 3270 485 3321 VRd.
503 3314 534 3321 ..
558 3269 663 3335 prodam
673 3271 709 3320 ita
720 3280 749 3332 et,
766 3265 906 3321 OVRTd.
931 3279 1044 3334 prosunt,·
1059 3271 1135 3330 itaet,
1147 3265 1199 3333 βγ.
1218 3310 1247 3317 -
1267 3285 1305 3316 re·

182 3336 268 3398 dimas,
281 3340 380 3389 Broter.
393 3348 419 3388 et
430 3339 576 3390 Schneider.
588 3343 620 3390 od
633 3340 733 3390 Colum.
746 3340 793 3389 VI.
807 3347 830 3400 2,
844 3346 867 3389 6.
880 3341 939 3389 coll.
951 3342 1029 3390 Festo
1041 3355 1066 3402 p.
1080 3345 1138 3389 270.
1150 3340 1190 3388 ed.
1201 3339 1305 3387 Mffller.

182 3403 298 3469 rediviva,
311 3409 363 3458 Τό.
382 3405 489 3466 reducis,
502 3408 563 3458 VR.
581 3406 699 3469 reductas,
711 3409 815 3458 Barbsr.
827 3403 857 3468 β.
877 3447 908 3456 -
926 3407 994 3456 aium
1004 3407 1095 3466 sanari,
1107 3409 1140 3457 K

217 3477 286 3539 541.
307 3490 388 3536 puero,
405 3469 543 3526 OVRTd.
569 3492 705 3538 puerorum,
721 3472 773 3540 βγ.
793 3517 824 3524 -
847 3474 956 3538 inposito,
972 3469 1031 3523 GV.
1055 3474 1164 3537 inpositi,
1177 3473 1208 3522 B.
1231 3473 1305 3536 impo-

183 3540 250 3600 sitas,
263 3536 336 3605 (Ιβγ.
356 3584 386 3592 -
411 3540 537 3604 caedimus,
549 3544 583 3593 V.
609 3542 720 3605 cedimus,
733 3544 766 3593 R.
785 3583 816 3592 ..
839 3560 857 3590 a
872 3541 974 3604 recols03
996 3558 1042 3606 pro
1060 3545 1151 3593 hisrv.
1164 3543 1259 3590 habent
1276 3556 1305 3588 aa

184 3608 347 3672 revulsan,
365 3609 553 3672 locrevalsoR,
572 3618 594 3660 et
609 3610 767 3674 revulsaall.
787 3652 818 3660 -
840 3626 857 3659 a
874 3613 993 3670 mean
1013 3651 1043 3659 ..
1065 3610 1152 3674 aptique,
1167 3603 1305 3660 event.

184 3693 266 3741 aequa
277 3673 328 3743 βγ.
348 3719 378 3728 ..
398 3678 563 3744 carpinomati,
575 3680 621 3728 V¹.
639 3678 806 3744 varpiaomati,
818 3679 849 3728 B.
869 3721 900 3729 ..
918 3679 994 3739 Puer,
1006 3680 1038 3728 P.

219 3748 287 3810 5⁴2.
314 3744 436 3810 allipatcs,
449 3748 482 3797 V.
502 3789 532 3797 ..
556 3745 624 3807 sedit,
642 3748 686 3796 R¹.
707 3789 738 3796 -
760 3745 866 3808 dextera,
879 3749 910 3798 R.
936 3742 1145 3810 dextranssr.
1166 3786 1196 3794 ..
1219 3743 1305 3803 liciter,

187 3814 248 3864 VR.
268 3855 298 3863 -
323 3812 500 3874 destillationes,
518 3817 570 3866 Rd.
598 3813 771 3876 distillationes,
785 3810 842 3875 νβ.
861 3856 890 3864 ..
916 3812 1137 3877 lapisdinevlt.
1156 3855 1187 3863 ..
1210 3812 1307 3870 Quina

186 3882 318 3943 scelestis,
335 3883 367 3931 K.
399 3881 607 3942 calamicca,
624 3884 728 3932 Bethar.
748 3923 776 3931 ..
802 3881 911 3945 capillus,
924 3884 986 3933 VR.
1007 3923 1037 3930 -
1061 3880 1228 3946 ulllpatasqae,
1249 3873 1305 3928 θΤ.

185 3947 299 4013 allipatus
316 3949 364 4013 qui,
381 3951 466 4001 VRd.
492 3949 614 4014 alllqatus,
631 3946 660 4011 β.
680 3992 710 4000 ..
735 3958 832 4011 ceteras,
849 3951 912 4001 VR.
932 3991 963 3999 -
986 3958 1008 3996 et
1022 3949 1174 4010 celeritatem,
1193 3947 1306 3998 VRTd.
1337 3969 1342 3976 ·

106 4016 109 4020 ’
186 4032 216 4065 ac
232 4015 381 4079 celeritatem,
397 4014 447 4083 βγ.
467 4059 498 4068 ..
522 4017 604 4080 adicit,
620 4020 657 4068 ita
672 4035 718 4069 nos
735 4020 885 4083 scripsimus.
904 4017 989 4082 adipit,
1002 4021 1032 4068 R.
1055 4017 1089 4066 ad
1105 4017 1185 4081 ἐρίων,
1198 4017 1232 4067 V.
1254 4012 1308 4064 adit

187 4082 220 4144 td,
233 4087 256 4134 d.
275 4082 378 4145 addidit,
390 4082 441 4150 βγ.
462 4127 491 4136 ..
514 4086 627 4148 Granius,
642 4088 719 4137 index
735 4096 868 4137 auctorum
880 4089 907 4136 in
918 4087 982 4135 libro
995 4088 1086 4150 primo.
1108 4085 1213 4146 Greaus,
1223 4084 1306 4135 VRd.

189 4192 220 4202 .„
239 4151 363 4214 accelerat,
381 4157 404 4204 d.
431 4153 601 4215 celerat,VR.
622 4196 652 4204 ..
677 4155 777 4217 υίοίηοες
795 4171 841 4219 pro
857 4157 883 4204 h.
896 4170 918 4204 v.
936 4165 1022 4218 aperte
1039 4163 1157 4216 corrupta
1171 4154 1251 4202 habet
1267 4151 1308 4200 lea

188 4236 237 4268 mos
250 4220 282 4280 V,
305 4220 383 4269 seinos
399 4223 430 4280 R,
448 4221 540 4272 beciaos
552 4223 575 4272 d.
598 4221 727 4281 haerentes,
744 4223 855 4274 Gronov.
874 4254 905 4272 ;.
928 4239 973 4286 que
984 4238 1053 4285 quae,
1064 4223 1097 4272 V.
1119 4262 1149 4269 -
1173 4219 1308 4284 comiperit,

189 4288 251 4339 VR.
272 4330 301 4338 -
321 4280 370 4355 ”ill
378 4290 445 4352 sieta,
458 4292 490 4340 V.
511 4331 540 4339 ..
560 4290 679 4351 acescit,
692 4292 724 4341 V.
744 4330 775 4340 ..
794 4290 916 4350 sanasse,
929 4292 962 4340 V.
983 4331 1012 4338 -
1031 4288 1162 4349 soliman,
1174 4288 1205 4338 R.
