2918 4800
432 310 502 356 Lm.
519 307 622 357 xxru.
651 306 730 355 cnr.
746 308 794 356 1x.
824 307 923 357 sacr.
938 310 1020 354 aa.
1239 297 1280 359 47

161 463 310 530 crematis
333 472 467 527 utuntur
488 472 518 526 et
541 483 618 527 suco
646 471 678 527 et
700 461 845 538 decoct03
873 460 1094 527 conburrmtur
1115 462 1202 529 etin
1224 487 1281 529 an-

160 565 275 642 tidota3
303 563 381 628 item
402 562 548 628 cauliculi
576 562 653 628 flore
676 562 820 648 decerpti
842 571 874 628 et
895 563 929 626 in
951 562 1041 628 fictili
1064 586 1148 630 novo
1169 578 1283 653 operto

160 665 292 733 cremati
318 665 352 730 in
378 666 487 742 furno,
514 664 588 730 dein
612 664 678 729 triti
707 687 748 730 ex
775 665 864 742 vin03
893 676 924 729 et
951 665 1106 731 ambustis
1134 667 1283 732 foliorum

161 767 243 833 cinis
264 766 419 832 medetur.
441 766 568 855 Inguen
589 789 630 832 ne
652 766 844 831 intumescat
859 788 899 831 ex
914 765 1032 847 ulcere,
1056 767 1135 833 satis
1150 779 1197 832 est
1212 790 1283 833 sur-

160 871 267 936 culum
290 879 414 933 tantum
435 867 533 954 myrti
555 866 673 933 habere
695 889 804 932 seeum
825 888 885 932 nec
906 867 991 933 ferro
1019 890 1079 934 nec
1100 879 1185 933 terra
1208 891 1285 934 con·

162 982 292 1037 tactum.

204 1075 254 1138 82.
287 1069 513 1156 Myrtidanum
534 1069 675 1137 diximus
696 1071 856 1157 quomodo
877 1071 978 1137 lieret.
1007 1068 1131 1137 Volvae
1153 1071 1285 1157 prodest
1301 1092 1349 1138 ras

162 1174 327 1262 adpositu,
357 1172 428 1237 iotu
455 1183 487 1237 et
511 1172 620 1251 inlitu,
650 1173 749 1238 multo
777 1173 936 1239 efficacius
964 1184 997 1238 et
1018 1173 1134 1238 cortice
1158 1185 1190 1239 et
1210 1174 1286 1239 lolio

163 1289 195 1342 et
224 1275 355 1342 semine.
392 1273 596 1360 Exprimitur
630 1286 661 1342 et
693 1275 778 1342 foliis
814 1298 909 1341 sucus
937 1274 1132 1341 mollissimis
1160 1276 1193 1340 in
1221 1277 1288 1364 pila

165 1377 278 1455 tunsis,
293 1375 407 1440 adfuso
422 1375 576 1461 paulatim
592 1377 668 1441 vino
682 1387 820 1457 austero,
835 1376 914 1442 alias
929 1399 1011 1461 aqua
1025 1379 1153 1443 caelesti
1158 1405 1168 1458 3
1191 1390 1287 1464 atque

165 1479 261 1545 etiam
283 1500 436 1564 expresso
457 1489 591 1543 utuntur
613 1479 655 1543 ad
677 1480 752 1558 oris,
775 1478 860 1545 sedis
881 1480 998 1558 ulcera,
1021 1478 1133 1544 volvae
1157 1493 1190 1545 et
1207 1503 1286 1546 ven-

165 1580 239 1659 tris,
268 1580 455 1665 capillorum
482 1579 661 1668 nigritiam,
691 1581 814 1646 alarum
836 1580 1049 1666 perfusiones,
1079 1579 1288 1669 purgationes

164 1681 354 1769 lentiginum
377 1692 408 1746 et
429 1680 485 1746 ubi
507 1681 791 1769 constringendum
814 1680 935 1767 aliquid
956 1693 1014 1747 est.

208 1783 259 1848 83.
281 1781 411 1866 Myrtus
434 1783 591 1848 silvestris
615 1783 682 1848 sive
704 1784 912 1869 oxymyrsine
931 1783 1000 1848 sive
1014 1781 1287 1866 chamaemyrsine
1302 1803 1350 1848 roo

165 1883 254 1950 bacis
282 1882 472 1949 rubentibus
502 1892 534 1948 et
560 1884 719 1950 brevitate
749 1885 852 1949 sativa
878 1883 987 1949 distat.
1023 1883 1130 1948 Radix
1158 1884 1227 1947 eius
1253 1882 1289 1946 in

164 1985 284 2051 honore
306 1995 372 2062 est,
401 1985 533 2051 decocta
554 1983 628 2051 vino
655 1984 697 2051 ad
717 1983 843 2050 renium
864 1984 991 2049 dolores
1012 1997 1090 2069 pota
1111 1995 1143 2049 et
1165 1981 1288 2047 difficili

164 2086 276 2151 urinae
289 2086 526 2173 praecipueque
541 2108 667 2151 crassae
689 2095 722 2150 et
743 2085 951 2172 graveolenti‚
973 2085 1084 2151 morbo
1098 2084 1199 2171 regio,
1218 2082 1287 2150 vol-

165 2209 279 2252 varum
300 2187 485 2275 purgationi
508 2186 583 2250 trita
604 2208 677 2251 eum
698 2186 789 2265 vin03
812 2186 960 2252 cauliculi
982 2207 1110 2270 quoque
1131 2184 1287 2271 incipien-

166 2298 215 2355 tes
247 2310 475 2376 asparagomm
507 2287 604 2354 modo
631 2287 665 2352 in
695 2286 766 2353 cibo
796 2288 916 2374 sumpti
945 2297 976 2353 et
1002 2287 1036 2350 in
1063 2286 1168 2352 cinere
1197 2286 1288 2352 cocti.

169 2386 288 2454 Samen
315 2412 388 2454 eum
413 2389 489 2456 vino
514 2399 626 2476 potum
652 2398 709 2454 aut
735 2391 806 2455 oleo
827 2399 860 2454 et
886 2398 975 2456 aceto
997 2389 1134 2454 calculos
1156 2387 1288 2474 frangit,
1303 2407 1351 2455 roo

166 2491 243 2556 item
264 2490 298 2554 in
319 2502 410 2556 aceto
425 2501 457 2556 et
469 2512 601 2557 rosaceo
616 2490 728 2556 tritum
743 2490 856 2578 capitis
870 2489 993 2557 dolores
1009 2491 1109 2569 sedat,
1132 2499 1164 2556 et
1176 2500 1290 2577 patum

166 2591 314 2658 morbum
335 2592 469 2678 regium.
502 2590 618 2658 Castor
639 2592 868 2678 oxymyrsinen
890 2592 987 2677 myrti
1008 2592 1093 2658 toliis
1114 2592 1226 2670 acutis,
1248 2612 1290 2656 ex

167 2713 231 2777 qua
253 2691 333 2757 fiunt
355 2692 424 2757 ruri
446 2714 578 2778 scopae,
599 2714 728 2758 ruscum
749 2693 884 2770 vocavit,
906 2692 949 2757 ad
970 2692 1101 2760 eosdem
1123 2716 1211 2758 usus.
1244 2690 1291 2756 Et

167 2789 322 2858 haetenus
342 2792 462 2859 habent
484 2816 519 2860 se
539 2792 716 2859 medicinae
739 2794 933 2860 urbanarum
954 2795 1121 2871 arborum3
1145 2805 1290 2860 transea-

168 2915 240 2959 mus
261 2893 303 2959 ad
325 2894 491 2961 silvestris.

168 3065 235 3129 cata,
247 3066 281 3118 V.
299 3108 332 3118 ..
351 3067 418 3133 flore
435 3068 546 3134 decepti,
558 3070 614 3120 Vd.
632 3068 749 3133 stomata
765 3067 877 3134 decerpti,
893 3071 927 3122 Κ.
940 3070 998 3121 Om.
1011 3085 1034 3120 a.
1058 3110 1088 3120 ..
1111 3078 1135 3119 st
1150 3070 1184 3132 in,
1199 3063 1290 3121 (ΝΤ.

169 3134 203 3196 ia,
216 3129 286 3200 dssr.
300 3136 357 3188 Om.
370 3153 394 3187 a.
413 3178 444 3187 -
459 3136 615 3202 fictilinoao,
628 3137 688 3188 VT.
699 3136 835 3201 fictinaoo,
848 3139 872 3187 d.
890 3136 1037 3200 aocofiett'li,
1050 3133 1121 3202 εβγ.
1143 3178 1175 3186 -
1199 3134 1291 3201 laquea

169 3217 210 3264 ηις
221 3217 268 3266 pro
280 3204 321 3254 his
332 3219 372 3254 vv.
383 3205 463 3256 habet
473 3202 575 3270 Inpuine
586 3221 609 3265 a,
621 3202 712 3269 Iayuen
723 3204 746 3253 a*
756 3205 789 3265 V,
806 3202 837 3253 In
848 3220 924 3269 terpus
936 3212 959 3252 et
970 3207 993 3255 d.
1017 3244 1048 3253 ..
1071 3220 1101 3252 aa
1112 3203 1197 3264 ulcere,
1209 3220 1232 3252 a.
1250 3218 1291 3251 ar-

169 3268 285 3332 ulcerare,
296 3272 352 3399 lhd.
376 3312 408 3323 ..
430 3280 535 3334 astam.
549 3274 573 3322 d.
597 3312 628 3321 ..
651 3271 905 3336 myrti-contactam,
923 3288 974 3322 am.
990 3286 1014 3321 a·
1037 3309 1068 3319 ..
1090 3270 1290 3333 nacssrra,Vd.

169 3353 215 3386 nan
239 3354 299 3399 erra,
352 3377 358 3388 .

204 3338 288 3467 §sm
306 3354 462 3466 adimam
477 3410 534 3455 104.
558 3406 860 3467 Aed.1)ioscor.1‚rsa.
885 3445 916 3454 ..
938 3403 1175 3470 appositu,V'l'ad.
1194 3403 1291 3468 apposi-

171 3479 226 3534 tam,
238 3467 268 3534 β.
279 3513 309 3523 -
323 3471 391 3522 inlito
403 3470 483 3531 mula,
495 3474 530 3523 V.
543 3513 574 3522 ..
587 3472 665 3531 ctiam,
678 3473 754 3523 Vati.
772 3472 814 3532 ita,
825 3468 875 3537 βγ.
890 3513 920 3523 -
933 3471 1005 3535 adis,
1017 3474 1071 3524 Vd.
1089 3471 1206 3535 sedisque,
1218 3468 1290 3537 ιβγ.

171 3537 315 3601 -οἷαηιηι,
332 3542 420 3591 Dalec.
439 3538 568 3601 malonem,
594 3536 696 3605 Vasty.
717 3539 884 3602 mamillarum,
901 3542 953 3593 Te.
967 3537 1039 3609 Ξηρὰ
1057 3538 1089 3590 δὲ
1101 3536 1163 3589 λεῖα
1176 3535 1291 3605 (μύρτου

172 3602 307 3671 φύλλα)-
315 3603 1291 3677 -χρησίμωςκαταπάσσιταικαὶκαθύγραιςμαοχάλαις,Βὶοεοοτ.1,]55.

206 3677 290 3738 5165.
307 3676 395 3737 saaca,
406 3677 440 3727 V.
463 3692 481 3725 a
495 3676 583 3737 sativa,
595 3671 688 3742 adstr.
711 3677 828 3728 Ceterum
844 3693 867 3727 r.
884 3679 1000 3728 Dioscar.
1018 3682 1042 3738 4,
1062 3681 1117 3726 1⁴4.
1136 3715 1166 3725 ..
1188 3684 1255 3739 pata,
1267 3693 1290 3728 a.

167 3749 236 3806 pata,
247 3743 302 3795 Vd.
321 3784 353 3794 -
374 3743 527 3808 praaeolsnts',
540 3747 584 3795 ad.
601 3760 676 3810 praua
687 3743 797 3807 oleatum,
806 3746 840 3795 V.
856 3745 964 3810 praviter
975 3743 1053 3805 olenti,
1064 3744 1097 3794 Κ.
1112 3784 1141 3793 ..
1159 3742 1290 3805 aulcorata,

171 3810 247 3860 Vad.
266 3809 431 3872 etvulvarum,
443 3807 494 3877 βγ.
514 3853 544 3862 -
563 3812 668 3876 sumptis,
680 3813 736 3862 Vd.
755 3852 786 3862 ..
804 3812 871 3873 etia,
884 3814 938 3863 Va.
957 3820 987 3873 st,
999 3815 1023 3861 d.
1043 3852 1073 3860 -
1092 3810 1170 3872 raetis,
1182 3815 1207 3863 d.

206 3879 288 3941 5166.
306 3885 329 3927 et
344 3881 534 3940 aceto,VTad.
557 3887 599 3928 aut
614 3887 687 3941 aceto,
704 3875 756 3944 βγ.
781 3921 811 3930 ..
835 3877 904 3942 idam,
919 3881 1009 3930 Dalae
1032 3919 1064 3927 -
1090 3877 1199 3943 dolorem
1216 3883 1240 3933 d.
1259 3922 1290 3931 ..

172 3945 291 4009 marim
308 3947 371 3997 haec
383 3963 436 3997 vox
447 3948 537 3998 ultima
549 3955 586 3997 est
598 3948 692 3998 codicis
703 3963 720 3996 a
730 3948 757 3997 in
769 3948 819 3997 hoc
828 3948 901 3998 libro.
930 3988 961 3996 -
983 3945 1045 3996 lanc
1060 3947 1138 4013 myrti,
1150 3950 1241 4000 Dulce.
1260 3988 1291 3998 ..

164 4011 290 4077 falsisque,
302 4015 357 4065 Vd.
376 4055 408 4063 -
430 4015 495 4064 ruris
509 4013 598 4079 copiae,
609 4014 665 4064 Vd.
684 4055 715 4064 ..
734 4029 792 4064 aras
807 4012 970 4064 ruminandam
986 4014 1027 4065 rel
1042 4021 1065 4064 st
1081 4014 1117 4065 ad
1131 4015 1221 4066 eaedem
1237 4032 1293 4066 arua

173 4080 350 4144 commendavit,
363 4082 452 4132 Dalec.
471 4122 502 4132 -
521 4083 557 4130 ita
567 4097 599 4144 aa,
611 4082 700 4131 Dalsc.

585 4253 881 4268 m
