2918 4800
409 314 480 361 am.
496 315 596 361 xxxa
626 311 704 359 car.
721 313 755 359 x.
785 310 883 358 sacr.
900 312 931 353 n.
1169 294 1230 359 461

110 493 149 536 ex
178 479 284 546 aceto3
318 465 504 552 hydropicis
537 486 610 528 eum
636 464 697 529 fico
727 476 857 528 tunsum
885 462 980 527 datur
1011 461 1231 546 inliniturque.

110 569 254 635 Discutit
275 578 307 632 et
329 567 474 644 tormina,
506 566 532 630 si
555 565 724 631 decoctum
746 562 876 629 bibatur
896 563 1040 648 pondere
1061 563 1232 629 drachmae
1248 586 1295 631 ua

108 694 183 737 cum
203 681 276 735 ruta
296 669 348 735 vel
369 679 462 734 aneto
484 669 536 733 vel
551 666 687 732 cumino.
711 664 828 729 Reficit
841 664 1050 729 lassitudines
1072 687 1143 730 cum
1159 664 1230 729 oleo

109 784 140 836 et
162 783 252 836 aceto
273 780 511 854 perunctorum,
534 780 566 833 et
587 779 698 834 contra
721 767 848 853 algores
862 765 1073 850 horroresque
1087 766 1232 852 prodest,

109 872 256 938 manibus
279 870 478 958 pedibusque
500 869 684 934 confricatis
703 890 775 933 cum
790 867 871 932 oleo.
896 864 1076 952 Conprimit
1099 878 1131 931 et
1152 890 1231 953 pru-

109 973 190 1038 ritus
211 970 418 1037 subfusorum
433 971 520 1048 felle,
541 992 690 1035 maxume
712 991 784 1034 cum
807 977 897 1034 aceto
917 967 952 1032 in
974 969 1091 1034 sudore
1113 969 1233 1034 datum.

112 1071 277 1138 Succurrit
298 1084 331 1138 et
352 1072 486 1138 venenis
508 1072 681 1158 fungorum
704 1093 744 1135 ex
766 1092 866 1156 posca
885 1081 997 1156 potum
1025 1081 1091 1149 aut,
1122 1071 1149 1135 si
1170 1070 1231 1135 bu-

109 1173 225 1259 prestis
251 1173 367 1239 hausta
395 1173 451 1251 sit,
480 1197 520 1239 ex
549 1195 634 1256 aqua
662 1172 898 1255 vomitioneque
926 1184 1048 1237 evocat.
1086 1170 1150 1237 His
1177 1171 1232 1256 qui
1249 1193 1297 1237 120

112 1275 301 1362 sanguinem
323 1275 406 1341 tauri
428 1275 569 1342 biberint
591 1297 664 1339 cum
685 1274 788 1338 lasere
809 1274 912 1337 datur.
942 1272 981 1337 In
1002 1272 1084 1340 facie
1107 1296 1234 1358 quoque

110 1378 364 1443 exulcerationes
391 1388 484 1442 sanat
513 1398 586 1441 cum
614 1374 707 1440 melle
736 1385 767 1439 at
792 1374 874 1439 lacte
896 1373 1028 1440 bubulo.
1064 1373 1233 1441 Ambustis

110 1491 227 1545 tostum
250 1479 351 1544 donec
373 1477 536 1564 nigrescat
558 1478 733 1561 tritumque
755 1475 908 1541 inlinitur.
942 1476 1130 1543 Infunditur
1155 1501 1232 1543 ven-

109 1583 167 1646 tris
189 1591 221 1645 et
241 1579 365 1644 renium
387 1578 488 1644 dolori
510 1589 565 1643 aut
586 1578 688 1665 rigori
704 1601 875 1664 corporum
892 1600 1127 1664 nervorumque
1142 1580 1232 1644 dolo-

109 1680 209 1746 ribus.
246 1681 396 1765 Paralysi
424 1681 554 1766 linguae
581 1702 654 1745 cum
676 1701 758 1766 pane
779 1678 960 1765 inponitur3
992 1681 1177 1766 suspiriosis
1198 1681 1232 1745 in

109 1784 213 1848 tisana
234 1784 379 1847 sumitur.
417 1781 547 1848 Tussim
570 1792 711 1847 veterem
734 1791 825 1846 sanat
851 1779 940 1858 flore,
967 1781 1065 1847 mixto
1091 1782 1232 1870 galbano
1249 1800 1295 1844 tal

109 1883 235 1950 resinae
263 1882 511 1961 terebinthinae,
545 1882 616 1969 pari
643 1882 785 1969 pondere
812 1881 970 1960 omnium,
1001 1883 1047 1948 ita
1073 1894 1109 1949 ut
1137 1885 1232 1950 fabae

109 1983 295 2071 magnitudo
316 1984 498 2051 devoretur.
530 1980 690 2068 (loquitur
711 1983 909 2067 dilutumque
930 1994 1043 2070 postea
1065 2007 1138 2050 oum
1159 1985 1232 2072 pice

107 2085 230 2170 liquida
253 2085 448 2151 sorbendum
469 2086 502 2150 in
525 2086 644 2174 angina
666 2086 769 2150 datur.
792 2084 871 2151 Flos
894 2084 963 2151 eius
986 2108 1058 2151 cum
1080 2086 1150 2152 oleo
1174 2110 1232 2172 cy·

108 2186 202 2274 prino
224 2199 257 2253 et
278 2189 482 2253 articulorum
504 2188 671 2254 doloribus
692 2188 726 2252 in
749 2187 814 2252 sole
829 2188 989 2252 iucundus
1009 2201 1069 2252 est.
1091 2187 1233 2276 Regium

109 2310 237 2372 quoque
258 2289 406 2355 morbum
429 2300 581 2355 extenuat
601 2289 635 2355 in
657 2289 788 2376 potione
810 2288 894 2367 vini3
917 2299 950 2353 et
971 2288 1150 2355 inflationes
1166 2289 1233 2354 dis-

109 2390 199 2464 cutit.
224 2390 389 2476 sanguinis
411 2391 606 2477 profluvium
628 2413 646 2455 e
666 2390 797 2456 naribus
819 2390 904 2457 sistit
923 2413 964 2456 ex
989 2392 1124 2457 ferventi
1150 2413 1234 2475 aqua

109 2513 226 2577 vapore
253 2492 384 2557 naribus
413 2502 517 2578 rapto.
555 2493 758 2580 Porriginem
786 2492 926 2557 alumine
953 2494 1111 2580 permixto
1142 2493 1297 2572 tollitur

109 2589 232 2658 alarum
254 2592 343 2658 virus
365 2616 406 2658 ex
427 2616 511 2677 aqua
534 2594 694 2659 cotidiano
715 2594 797 2673 fotu,
826 2595 935 2682 ulcera
957 2618 998 2660 cx
1019 2595 1137 2680 pituita
1158 2607 1234 2660 nata

109 2717 183 2759 cera
204 2694 410 2781 permixtum,
433 2717 497 2779 quo
518 2717 636 2784 genere
650 2696 758 2760 nervis
773 2717 901 2780 quoque
920 2697 1064 2783 prodest,
1088 2698 1234 2764 coeliacis

108 2793 299 2860 infunditur.
335 2795 503 2883 Perungui
525 2808 599 2861 ante
619 2796 817 2863 accessiones
839 2797 975 2885 frigidas
1003 2799 1089 2864 nitro
1111 2811 1144 2867 et
1165 2798 1234 2865 oleo

109 2897 201 2961 multi
217 2918 417 2983 praecepere,
432 2899 517 2964 sicut
531 2899 685 2965 adversus
699 2900 818 2984 lepras,
839 2899 1010 2986 lentigines
1018 2926 1027 2979 3
1048 2901 1234 2988 podagricis

110 3066 200 3129 datum,
216 3061 429 3134 OvRTdrtta.
453 3071 479 3121 in
495 3088 538 3120 suu
555 3070 644 3131 datum,
662 3086 705 3136 er.
728 3070 819 3135 datum,
834 3068 863 3134 β.
887 3072 1026 3123 instilbstum
1043 3073 1233 3135 inlinendum,

109 3137 233 3186 Harduin.
246 3179 277 3187 -
297 3136 392 3199 bausta,
404 3140 437 3189 K.
456 3148 565 3202 exposta,
577 3133 762 3203 ἾΒῐΤᾶΩψ.
777 3148 860 3204 pasto,
871 3137 968 3206 Βίὶβγ.
985 3142 1026 3192 Ita
1038 3143 1138 3193 Plinius
1149 3143 1233 3208 loqui-

109 3213 151 3254 tur
162 3203 206 3267 qui
215 3205 342 3269 buprestim
354 3205 461 3256 bamerit
472 3214 512 3267 28,
527 3215 581 3260 155.
603 3249 633 3256 -
657 3207 833 3272 vomitioneque,
849 3209 886 3259 ita
896 3225 944 3260 nos
956 3211 1109 3274 scripsimus.
1128 3211 1233 3260 vomitio-

109 3287 201 3334 nesque,
214 3274 291 3324 VBd
299 3266 405 3338 Ωψβγ.
423 3275 461 3325 At
471 3291 495 3325 r.
507 3280 548 3336 23,
562 3281 605 3324 80:
624 3273 735 3337 (oleum)
747 3283 830 3325 sonna
841 3276 1004 3338 cantharidas,
1017 3279 1150 3342 buprestim,
1166 3278 1233 3328 salo·

110 3338 243 3455 spupdram
253 3341 421 3413 pityocampas
427 3361 436 3402 ,·
445 3359 490 3406 per
500 3359 525 3390 se
533 3351 614 3407 potum
627 3341 791 3407 redditumque
802 3344 964 3396 vomitionibus
975 3354 1057 3394 eontra
1069 3346 1149 3396 omnia
1159 3363 1234 3412 supra

129 3423 150 3455 ic
160 3423 184 3457 a.

144 3476 158 3537 ξ
179 3482 234 3526 120.
254 3474 315 3525 bisse
335 3475 459 3535 reddatur,
482 3471 513 3528 Ω.
542 3519 572 3527 ..
600 3479 695 3540 vmtrr's,
717 3482 740 3530 d.
768 3480 851 3539 urceis,
876 3474 1049 3546 OVRTlltb.
1076 3525 1106 3533 -
1135 3482 1233 3545 renim,

109 3537 279 3608 VRlelub.
298 3561 386 3606 renum,
398 3541 427 3607 β.
446 3587 476 3596 -
496 3543 580 3607 dolori,
593 3548 693 3598 R'2'l'd.
712 3545 800 3607 dolore,
812 3542 944 3613 vaae.
963 3549 1089 3613 dolon'bus,
1101 3546 1131 3613 β.
1151 3593 1182 3602 ..
1199 3551 1233 3601 ri·

108 3625 172 3673 pore,
182 3603 212 3660 Ω.
232 3653 261 3661 -
282 3628 441 3673 nervorumve,
455 3616 478 3663 d.
497 3610 808 3679 annorumvel,VBlld1.
828 3658 858 3667 -
883 3617 1002 3684 Paralysi
1016 3618 1117 3683 linquae,
1131 3621 1163 3670 Κ.
1182 3619 1233 3669 Pa·

109 3675 195 3726 ralisin
207 3676 297 3743 linqua,
309 3674 370 3730 ΒΩ.
389 3681 439 3731 Per
451 3680 529 3746 alysin
541 3679 631 3746 linqua,
644 3682 704 3745 qu.
723 3682 842 3749 Paralysi
857 3685 880 3734 in
899 3684 988 3751 linpua,
1002 3683 1074 3752 dstr.
1094 3729 1125 3736 ..
1145 3687 1233 3748 tuone,

109 3745 171 3794 VR.
191 3746 288 3807 amana,
298 3742 356 3811 tta.
373 3749 481 3812 ptisana,
494 3744 565 3812 ᾱβγ.

144 3815 228 3875 §HL
248 3816 412 3875 brabantinae,
425 3816 486 3880 qu.
507 3858 537 3866 ..
562 3817 618 3876 eius,
636 3818 685 3866 ΒΞ.
704 3826 796 3879 etune,
814 3813 973 3884 V'R'Tlleb.
992 3830 1014 3868 et
1030 3838 1086 3883 una,
1099 3825 1122 3872 d.
1142 3863 1172 3871 ..
1193 3838 1232 3887 cy·

108 3880 187 3940 prino,
201 3883 224 3930 d.
242 3899 334 3947 oppres,
347 3878 449 3948 ΒῖΩψ.
468 3900 572 3950 appenso,
583 3886 657 3935 VB'.
672 3927 701 3934 -
716 3893 745 3946 et,
758 3879 868 3950 attero.
888 3888 975 3938 Omitt.
989 3884 1067 3952 Vstr.
1080 3929 1109 3937 ..
1123 3897 1234 3938 extenuat

110 3946 134 3994 in
144 3948 237 4009 potione
249 3951 306 4009 vini,
324 3945 508 4015 rametam
527 3953 668 4001 exterminat
683 3953 707 4002 in
721 3954 815 4015 potione
831 3954 886 4015 vini,
898 3957 963 4005 R2’r.
982 3954 1006 4003 in
1024 3957 1077 4004 vino
1093 3955 1234 4006 erternrinat

108 4023 196 4076 potum,
208 4011 237 4077 β.
257 4059 288 4066 ..
306 4018 391 4067 sistite
402 4019 510 4080 naribus,
522 4021 546 4069 d.
566 4063 596 4071 -
616 4037 653 4080 ec,
665 4014 780 4072 VRlld.
800 4029 829 4083 et,
841 4021 871 4084 ψ.

144 4085 228 4145 §122
247 4085 405 4149 Porriqt'rsem,
417 4081 537 4151 Vatia.
555 4087 714 4153 Ruripinem
727 4090 742 4137 d
748 4084 778 4148 β.
797 4130 827 4139 ..
839 4089 954 4152 fatali.
976 4131 1004 4140 -
1028 4091 1170 4141 accessiones
1178 4092 1233 4155 sri-

109 4149 187 4212 pidaa
201 4155 225 4202 d.
243 4152 387 4202 accessiones
390 4153 499 4219 fripido,
512 4157 560 4205 R'2.
578 4155 680 4205 amessia
684 4154 791 4221 frigido,
805 4150 937 4221 vatic.
952 4199 982 4207 ..
997 4167 1019 4206 et
1026 4175 1071 4223 per
1082 4156 1141 4222 oleo,
1154 4160 1186 4209 V.
1201 4201 1232 4210 .-

109 4215 176 4334 εἱέἔὲ,
192 4212 390 4351 θνξέἕῖᾱ.
408 4221 443 4272 sic
454 4232 484 4285 et,
495 4218 524 4284 β.
545 4264 575 4274 ..
594 4231 617 4273 et
634 4222 764 4288 lentigines,
777 4224 809 4275 K.
829 4266 858 4274 ..
876 4223 1023 4290 podaprt'eis,
1035 4230 1050 4279 d
1063 4224 1149 4292 (codd.
1163 4225 1233 4291 Get.)

106 4301 125 4348 r
172 4302 231 4350 rra
357 4325 363 4338 ·
