2918 4800
145 267 185 332 te
499 285 704 333 narnusms
726 285 921 334 mesonma

145 445 355 522 praesumunt
376 458 417 503 ex
439 459 476 503 eo
499 436 649 522 cyathum
664 460 773 502 unum.
794 436 923 502 Pissino
940 439 1010 504 oleo
1032 461 1111 505 usus
1132 440 1184 505 ad*
1197 452 1267 506 tus·

147 537 207 603 sim
230 550 263 605 et
285 538 516 625 quadripedum
539 538 678 605 scabiem
700 550 759 604 cst.

54 626 59 634 ¹
189 642 240 707 51.
262 641 296 706 A
317 641 435 707 vitibus
457 639 599 724 oleisque
613 662 771 727 proxuma
785 640 935 707 nobilitas
952 640 1076 726 palmis.
1098 642 1268 710 Inebriant
1284 656 1315 706 97

146 754 299 822 recentes,
322 743 436 829 capitis
459 741 603 808 dolorem
624 741 783 820 adferunt,
807 797 846 806 ..
870 742 978 831 minus
1000 743 1118 823 siccae,
1135 799 1176 808 ..
1197 767 1269 824 nec,

146 853 300 927 quantum
320 844 460 922 videtur,
482 843 576 908 utiles
599 842 776 919 stomach03
799 843 913 909 tussim
926 855 1128 930 exasperant,
1152 867 1269 931 corpus

144 943 244 1010 alunt.
282 942 404 1011 Sucum
433 945 637 1011 decoctarum
663 943 785 1029 antiqui
812 967 872 1031 pro
906 943 1116 1031 hydromelite
1149 946 1271 1013 dabant

144 1045 250 1133 aegris
272 1045 313 1109 ad
335 1046 414 1113 viris
434 1045 636 1125 recreandas,
660 1045 747 1112 sitim
762 1045 947 1126 sedandam,
970 1047 1004 1110 in
1018 1068 1082 1131 quo
1096 1071 1160 1114 usu
1174 1072 1269 1135 prae-

144 1145 292 1213 ferebant
312 1146 502 1214 Thebaicas.
526 1144 727 1236 Sanguinem
748 1169 877 1232 quoque
899 1148 1139 1216 execreantibue
1161 1149 1270 1229 utiles,

143 1247 179 1312 in
202 1247 273 1315 cibo
287 1271 445 1315 maxume
467 1248 652 1314 Inlinuntur
666 1259 815 1335 caryotae
833 1249 1006 1328 stomacho,
1028 1251 1167 1330 vesicae,
1189 1274 1270 1318 ven·

146 1349 198 1427 tri,
218 1348 377 1416 intestinis
398 1373 472 1416 cum
494 1351 636 1417 cotoneis
657 1361 690 1416 et
704 1373 777 1418 cera
791 1361 823 1417 et
836 1373 931 1416 croco
938 1376 947 1430 3
972 1351 1144 1440 suggillata
1158 1375 1268 1419 emen·
1371 1347 1377 1355 ¹

146 1449 234 1515 dant.
274 1449 390 1518 Nuclei
416 1453 595 1538 palmarum
622 1453 753 1519 cremati
780 1453 814 1519 in
839 1452 930 1518 fictili
956 1475 1039 1518 novo
1066 1452 1174 1519 cinere
1200 1453 1269 1520 loto

147 1551 240 1637 spodi
261 1553 364 1620 vicem
386 1553 529 1620 efficiunt
550 1552 788 1639 miscenturque
815 1553 955 1640 collyriis
982 1563 1014 1620 et
1041 1553 1271 1640 calliblephara

145 1653 267 1719 iaciunt
288 1654 397 1722 addito
418 1654 529 1720 nardo.

199 1755 242 1822 V.
276 1758 326 1823 52.
358 1756 472 1822 Palma
497 1779 579 1841 quae
606 1758 668 1824 fert
694 1755 953 1843 myrobalanum,
982 1757 1210 1845 probatissima
1237 1757 1271 1824 in
1284 1773 1316 1821 es

146 1857 311 1946 Aegypto,
339 1880 414 1925 osea
439 1881 504 1925 non
529 1857 627 1925 habet
647 1858 843 1943 reliquarum
864 1859 960 1924 modo
987 1859 1023 1925 in
1050 1859 1192 1938 balanis3
1222 1859 1269 1924 al-

146 1981 221 2026 vom
242 1972 275 2026 et
295 1983 423 2027 menses
444 1961 508 2028 ciet
527 1960 562 2026 in
583 1960 657 2026 vino
680 1971 808 2027 austero
831 1970 864 2027 et
884 1961 1015 2026 volnera
1036 1960 1242 2050 conglutinat.

190 2062 241 2127 53.
268 2060 382 2128 Palma
408 2063 491 2128 elate
519 2062 586 2129 sive
615 2061 728 2149 spathe
756 2061 933 2128 medicinae
961 2063 1087 2130 confert
1111 2062 1317 2152 germinans

146 2161 234 2243 folia,
256 2162 417 2230 corticem.
440 2163 534 2230 Folia
555 2165 754 2251 inponuntur
768 2163 976 2250 praecordiis,
998 2164 1169 2243 stomacho,
1190 2163 1271 2229 ioci·

147 2263 229 2344 neri,
256 2264 419 2331 ulceribus
444 2287 527 2350 quae
549 2276 693 2353 serpunt,
723 2266 864 2333 cicatrici
892 2265 1114 2352 repugnantia.
1151 2265 1272 2332 Psoras

148 2377 259 2432 cortex
281 2365 350 2431 eius
372 2376 462 2432 tener
484 2389 557 2432 cum
577 2367 684 2434 resina
705 2378 737 2433 et
759 2390 833 2434 cera
852 2377 943 2433 sanat
957 2367 1071 2434 diebus
1085 2389 1151 2446 xx3
1175 2366 1271 2432 deco-

147 2467 257 2553 quitur
279 2467 374 2532 etad
395 2466 525 2534 testium
546 2467 641 2547 vitia3
670 2468 821 2554 capillum
842 2469 990 2556 denigrat
1011 2469 1134 2547 suffitu,
1156 2479 1270 2554 partus

147 2567 295 2635 extrahit
331 2568 438 2635 Datur
461 2567 622 2636 bibendus
647 2570 773 2636 renium
799 2570 888 2636 vitiis
917 2582 950 2637 ct
971 2570 1099 2638 vesicae
1121 2581 1153 2636 et
1173 2592 1270 2656 prae·

147 2669 338 2749 cordiorum,
362 2671 460 2757 capiti
482 2681 514 2738 et
533 2671 642 2738 nervis
662 2671 821 2739 inimicus.
858 2673 983 2740 Volvae
1009 2694 1047 2739 ac
1068 2672 1189 2739 ventris
1210 2672 1272 2736 flu-

148 2771 270 2839 ctiones
293 2773 377 2840 sistit
398 2773 566 2839 decoctum
587 2772 672 2850 eius3
699 2773 777 2839 item
799 2773 880 2841 cinis
901 2776 943 2839 ad
965 2775 1101 2842 tormina
1121 2784 1218 2860 potus
1239 2773 1274 2838 in

147 2873 223 2939 vino
242 2874 327 2954 albo,
348 2875 383 2940 in
403 2876 569 2942 volvarum
591 2875 680 2941 vitiis
703 2875 957 2943 efficacissimus.

183 3012 278 3076 Pisino,
290 3015 324 3065 V.
343 3014 497 3066 Ceterumr.
509 3015 627 3065 Dioscor.
642 3021 665 3077 1,
679 3021 719 3066 95.
738 3055 770 3065 -
793 3013 829 3065 ad
840 3016 921 3065 tussim
932 3023 962 3078 et,
976 3010 1056 3067 θΤᾱ.
1082 3012 1118 3064 ad
1134 3013 1214 3064 tussim
1230 3010 1273 3074 ad,

149 3081 184 3134 V.
211 3088 235 3131 et
245 3081 339 3146 passim
355 3079 397 3145 ad,
413 3078 463 3144 ιβ.
481 3124 513 3134 -
535 3082 644 3133 scabiem.
665 3081 714 3132 Est
729 3089 807 3133 autem
823 3100 840 3132 a
856 3083 949 3146 vitrbus',
965 3100 986 3134 r.

184 3152 199 3214 ς
212 3152 252 3200 97.
274 3147 433 3210 olunt‚'1'ad.
459 3149 535 3212 aiunt,
546 3151 581 3202 V.
606 3158 701 3216 auqsnt,
712 3146 740 3213 β.
760 3151 879 3203 (letarum
890 3167 914 3201 v.
926 3152 1044 3203 Dioscor.
1058 3154 1081 3212 l,
1096 3156 1152 3202 rts.
1172 3189 1204 3200 ..
1228 3164 1275 3213 quo

149 3233 202 3280 usu,
217 3210 350 3270 OVTad.
374 3234 441 3282 quem
453 3214 569 3282 usumss.
588 3259 620 3269 ..
637 3218 754 3281 amicas,
766 3218 800 3270 V.
819 3260 851 3271 ..
869 3218 1191 3280 amazonasjucroca
1209 3218 1274 3268 haec

149 3301 189 3337 w.
201 3285 234 3336 ad
246 3286 378 3352 sequentia
388 3287 469 3337 trahit
479 3282 513 3350 βς
530 3287 760 3353 interpunctionem
776 3289 920 3339 emendarit
931 3289 999 3339 Pint.
1016 3301 1049 3338 ex
1060 3287 1223 3340 Dioscorida.
1241 3323 1273 3335 .-

150 3352 288 3420 appellant,
301 3370 325 3406 a.
344 3395 376 3406 ..
395 3352 453 3404 lotos
461 3353 523 3419 padi
534 3355 584 3404 vics
594 3354 689 3420 rnspfici
699 3354 748 3418 uni,
760 3356 794 3407 V.

185 3425 200 3487 ξ
212 3428 253 3473 98.
275 3437 336 3487 prae
351 3438 376 3471 ss
383 3421 441 3485 sert
454 3421 631 3488 myrobalanum
642 3423 667 3472 in
678 3422 795 3490 Aeqypto.
818 3423 880 3475 Ossa
891 3440 936 3473 non
948 3421 1019 3474 iubet
1029 3421 1071 3473 rel.
1084 3419 1152 3471 modo
1165 3418 1274 3482 balartus,

150 3491 184 3541 K.
202 3506 263 3554 quas
274 3489 437 3555 praesefert,
447 3491 548 3542 Rsines.
559 3507 613 3542 var.
625 3491 683 3542 lect
696 3498 720 3553 2,
734 3496 756 3543 7.
768 3507 794 3556 p.
808 3496 864 3544 1⁷2.
884 3533 915 3542 ..
933 3491 959 3540 in
971 3490 1072 3553 balanis
1084 3490 1139 3542 Va
1159 3486 1275 3551 Baianis,

152 3559 177 3608 d
196 3599 228 3608 ,
246 3557 297 3620 ciet,
314 3550 446 3608 evuco
463 3557 534 3620 amnt,
544 3553 575 3621 β,
593 3562 662 3623 qaod
674 3558 817 3610 defenditur
827 3559 1066 3624 perDioscoridem.

186 3628 256 3690 999.
281 3623 372 3676 Palma
389 3623 458 3687 elate,
474 3627 547 3677 Tad.
574 3625 677 3676 Palmae
692 3625 761 3688 elate,
778 3627 812 3677 V.
838 3625 929 3676 Palma
945 3625 1030 3686 ebrae,
1049 3618 1095 3676 Or.
1122 3623 1212 3676 Pahna
1227 3623 1276 3673 sive

152 3690 221 3751 slata,
233 3688 262 3756 β,
281 3696 349 3758 quod
365 3693 464 3745 delendi
480 3694 579 3745 videtur
593 3710 639 3760 per
653 3700 692 3757 12,
706 3700 762 3745 1³⁴.
786 3693 906 3746 Ceterum
922 3709 946 3744 y.
958 3694 1074 3744 Dioscor.
1089 3699 1111 3753 1,
1125 3699 1164 3744 50.
1186 3689 1277 3743 Palma

153 3767 177 3808 et
187 3758 256 3821 elate,
268 3761 376 3812 Saltum
389 3775 472 3812 exerc
484 3777 509 3826 p.
523 3768 580 3813 990.
592 3765 617 3813 b.
628 3763 659 3813 F.
672 3777 685 3810 e
698 3763 791 3812 codice.
811 3803 842 3811 -
864 3760 950 3823 stam,
963 3778 985 3812 a
1012 3768 1080 3824 stau,
1093 3762 1148 3811 Vd.
1168 3801 1198 3811 ..
1222 3775 1277 3808 con·

146 3828 222 3894 seret,
235 3829 268 3879 V.
288 3869 319 3878 ..
343 3827 479 3892 valcamus,
492 3831 526 3880 V.
544 3871 576 3880 -
600 3829 687 3891 Prona,
700 3830 755 3881 Vd.
782 3828 907 3893 ipsoram.
928 3870 959 3879 ..
983 3828 1276 3890 tenerumresina,Vad.

155 3937 187 3946 ..
205 3895 304 3957 renium,
319 3896 356 3947 ita
371 3913 417 3949 uos
433 3899 589 3962 scripsimns;
610 3914 634 3948 y.
651 3899 685 3948 ad
701 3904 743 3959 32,
756 3902 796 3947 99.
823 3893 1048 3963 renumvadssr.
1068 3938 1100 3948 ..
1126 3895 1207 3960 capiti,
1219 3894 1276 3946 Vd.

154 3962 274 4027 etcopiti,
290 3958 341 4026 ast.
360 4005 391 4015 ..
409 3964 545 4029 fluctiones,
561 3958 669 4016 ovat
688 3963 835 4029 flectionem,
852 3960 901 4026 ιβ.
921 4006 952 4015 ..
974 3963 1277 4025 meorumnam.

157 4070 186 4079 -
207 4039 229 4080 at
239 4030 264 4080 s'n
276 4047 382 4092 uvarum,
393 4035 481 4084 Dalec.
500 4033 552 4085 Sed
563 4041 620 4084 tota
630 4033 695 4082 haec
706 4033 847 4084 enuntiatio
859 4031 914 4081 uem
925 4031 984 4082 cina
991 4031 1210 4098 ..efyicacissimua
1220 4031 1277 4096 plu·

154 4099 231 4160 ribus,
241 4107 270 4149 ut
278 4100 383 4162 videtur,
389 4103 470 4153 verbis
480 4101 616 4166 deperditis
625 4108 664 4151 est
672 4101 810 4166 inquinata,
821 4101 890 4165 quod
899 4115 956 4150 cnm
965 4102 1091 4166 particula
1099 4108 1123 4149 at
1131 4101 1213 4161 docet,
1223 4109 1278 4151 tum

154 4167 292 4218 novissima
302 4168 387 4230 verba,
397 4185 462 4233 quae
471 4184 529 4219 cum
538 4169 708 4232 superioribus
716 4170 790 4220 nulls
797 4168 896 4220 mtiohc
905 4170 1069 4232 grammatice
1080 4169 1152 4232 iungi
1163 4175 1278 4232 possunt.

189 4233 205 4296 S
219 4241 275 4286 100.
293 4233 413 4299 stemma,
422 4239 456 4288 V.
470 4278 500 4287 ..
516 4234 686 4286 medicinarum
697 4251 767 4300 quaa,
778 4237 815 4286 ita
824 4251 874 4288 nos
885 4238 1038 4302 scripsimus.
1055 4233 1278 4300 medicinarumque,

156 4303 212 4355 Vd.
239 4319 473 4369 nasammonas.
500 4301 796 4368 medicinarumqusquas,
808 4299 860 4369 βγ.
883 4303 921 4356 At
931 4306 958 4355 h.
969 4305 987 4356 l.
999 4317 1053 4356 non
1063 4304 1148 4368 agitur
1160 4304 1192 4354 ds
1202 4301 1278 4354 variis
