2918 4800
178 291 197 352 2
527 305 730 352 aaronitas
753 305 947 354 fflsroamn

162 457 310 554 gerenda
331 457 425 534 areis,
453 456 567 521 deinde
596 456 692 535 saxis,
723 467 758 520 ut
784 457 912 541 quando
933 467 1092 542 quantove
1107 481 1212 546 ,opere
1234 461 1297 526 cibi

175 548 274 624 liant?
294 559 342 622 At
364 581 404 624 ex
425 580 476 622 me
498 568 609 645 parata
630 558 747 636 omnia,
771 581 831 624 nec
853 580 930 624 cura
950 557 1126 625 laboranda
1147 561 1204 625 sed
1226 585 1297 627 sese

175 660 376 746 porrigentia
401 660 485 726 ultro
514 669 563 738 et,
597 659 625 725 si
656 660 766 747 pigeat
799 659 976 746 attingere,
1011 661 1107 725 etiam
1141 662 1297 727 cadentia.

177 759 323 828 Certavit
349 762 423 848 ipsa
451 784 558 827 secum
587 762 724 847 plusque
753 762 899 827 utilitatis
932 784 1029 828 causa
1059 763 1172 851 genuit
1201 765 1296 829 etiam

173 888 269 950 quam
292 864 475 952 voluptatis.

216 970 246 1033 3.
270 966 363 1032 Folia
384 966 501 1030 vitium
522 973 555 1028 et
575 963 717 1050 pampini
740 964 854 1050 capitis
875 964 1001 1031 dolores
1015 966 1326 1033 inflammationes-3

174 1090 237 1152 que
267 1089 437 1154 corporum
462 1065 610 1151 mitigant
638 1088 711 1130 cum
738 1064 883 1150 polenta,
918 1066 995 1131 folia
1019 1091 1076 1150 per
1104 1091 1138 1133 se
1167 1069 1297 1135 ardores

174 1169 328 1234 stomachi
350 1191 390 1233 ex
412 1189 497 1251 aqua
516 1165 645 1252 frigida,
675 1188 748 1231 cum
776 1167 881 1231 farina
908 1190 985 1232 vero
1012 1167 1125 1234 hordei
1146 1170 1295 1234 articula-

174 1271 239 1335 rios
261 1270 405 1347 morbos3
434 1267 578 1355 pampini
604 1267 671 1331 triti
694 1278 727 1332 et
747 1268 879 1354 inpositi
907 1279 1064 1333 tumorem
1085 1292 1210 1336 omnem
1234 1273 1296 1337 sic·

174 1380 287 1450 eant,‘'
302 1392 397 1436 sucus
426 1391 537 1435 eorum
563 1368 768 1454 dysintericis
793 1369 920 1435 infusus
949 1370 1104 1437 medetur.
1145 1371 1297 1438 Lacrima

173 1472 297 1550 vitium,
319 1493 401 1554 quae
423 1468 523 1533 veluti
545 1470 679 1534 cummis
701 1480 760 1548 est,
783 1470 888 1556 lepras
912 1480 945 1535 et
965 1470 1108 1535 lichenas
1131 1483 1163 1538 et
1183 1495 1296 1559 psoras

173 1571 256 1636 nitro
279 1582 353 1636 ante
375 1580 584 1657 praeparatas
607 1581 713 1648 sanat3
742 1570 852 1636 eadem
880 1594 953 1637 cum
980 1572 1050 1636 oleo
1072 1573 1200 1659 saepius
1222 1575 1298 1660 pilis

172 1673 272 1737 inlitis
294 1672 420 1759 psilotri
441 1672 591 1736 effectum
612 1669 709 1737 habet
734 1694 946 1756 maxumeque
973 1695 1071 1755 quam
1099 1673 1220 1740 virides
1242 1699 1297 1741 ae-

173 1797 287 1840 censae
309 1774 391 1840 vites
414 1774 585 1852 exsudant,
613 1795 677 1858 qua
704 1784 734 1838 et
760 1796 913 1839 verrucae
941 1775 1105 1839 tolluntur.
1146 1776 1327 1864 Pampini4

174 1875 364 1962 sanguinem
385 1875 626 1941 exsereantibus
648 1886 680 1939 et
707 1875 878 1940 mulierum
901 1899 920 1939 a
942 1888 1102 1961 conceptu
1127 1878 1298 1943 defectioni

174 1977 267 2043 diluti
294 1989 372 2065 potu
399 1987 544 2064 prosunt.
580 1974 703 2042 Cortex
729 1977 844 2042 vitium
867 1987 899 2042 et
920 1977 999 2042 folia
1020 1977 1111 2042 arida
1131 1981 1298 2045 volnerum

175 2079 363 2168 sanguinem
386 2080 504 2146 sistunt
524 2079 695 2165 ipsumque
717 2079 832 2144 volnus
847 2078 1079 2164 conglutinant.
1101 2078 1187 2145 Vitis
1207 2080 1298 2146 albae

173 2181 287 2247 viridis
310 2193 422 2248 tunsae
445 2204 522 2247 suco
543 2180 740 2267 inpetigines
762 2180 927 2246 tolluntur.
954 2177 1046 2246 Cinis
1067 2191 1298 2252 sarmentorum

173 2282 352 2367 vitiumque
375 2294 408 2349 et
428 2283 635 2348 vinaceorum
649 2280 879 2366 condylomatis
901 2292 933 2347 et
949 2282 1035 2346 sedis
1049 2282 1137 2347 vitiis
1151 2283 1299 2347 medetur

174 2406 215 2449 ex
237 2395 339 2463 aceto,
367 2385 445 2450 item
470 2383 589 2450 luxatis
612 2394 644 2449 et
664 2383 821 2449 ambustis
843 2394 875 2448 et
896 2383 989 2447 lienis
1012 2383 1128 2448 tumori
1150 2406 1223 2451 eum
1244 2408 1298 2451 ro·

175 2508 268 2551 saeeo
291 2497 323 2551 et
343 2495 416 2550 ruta
437 2495 470 2550 et
490 2495 597 2561 acet03
630 2485 708 2551 item
729 2484 798 2570 igni
821 2507 911 2550 sacro
933 2507 973 2551 ex
995 2484 1071 2551 vino
1093 2484 1174 2550 eitra
1193 2485 1297 2553 oleum

175 2587 381 2676 adspergitur
402 2598 434 2652 et
454 2586 660 2675 intertrigini,
683 2596 716 2652 et
735 2586 819 2673 pilos
840 2585 989 2652 absumit.
1018 2586 1108 2653 Dant
1129 2597 1162 2651 et
1182 2588 1327 2654 biben-5

175 2690 252 2753 dum
274 2690 415 2755 cinerem
436 2699 670 2755 sarmentorum
691 2688 733 2753 ad
755 2687 849 2753 lienis
870 2688 1011 2754 remedia
1031 2699 1123 2754 aceto
1146 2711 1298 2777 conspar-

176 2816 259 2869 sum,
285 2792 331 2856 ita
357 2802 394 2856 ut
421 2791 490 2856 bini
518 2791 626 2876 cyathi
653 2791 688 2855 in
710 2791 818 2876 tepida
844 2811 928 2873 aqua
949 2790 1100 2856 bibantur
1121 2804 1222 2877 utque
1243 2791 1300 2877 qui

175 2894 296 2975 biberit
316 2894 351 2958 in
387 2894 502 2959 lienem
535 2893 648 2958 iaceat.
698 2889 885 2984 Clavieulae
914 2892 1006 2977 ipsae
1041 2894 1158 2978 quibus
1185 2903 1301 2980 repunt

174 2996 257 3061 vites
287 2995 380 3061 tritae
408 3018 448 3060 ex
476 3016 560 3079 aqua
586 3005 682 3081 potae
710 2994 828 3058 sistunt
854 2993 1064 3059 vomitionum
1093 2993 1299 3061 consuetudi-

175 3120 259 3163 nem.
288 3096 380 3162 Cinis
400 3096 515 3162 vitium
538 3119 611 3162 oum
632 3096 775 3182 axungia
796 3105 906 3161 vetere
928 3106 1040 3161 contra
1061 3104 1201 3161 tumores
1221 3109 1328 3181 pro-⁶

209 3278 235 3320 nt
246 3269 386 3335 quandoque
398 3277 463 3320 tanto
476 3269 556 3319 labore
568 3268 694 3334 eebifiant,
706 3270 774 3320 Pint.
786 3311 817 3319 ..
831 3267 873 3332 At,
887 3285 938 3319 om.
951 3285 970 3319 r.
985 3309 1014 3318 ..
1034 3284 1075 3318 nec
1086 3284 1146 3318 aare
1158 3265 1299 3330 laborando,

175 3341 259 3390 VTd.
282 3355 324 3388 nee
335 3356 406 3388 carno
418 3336 552 3400 aberrando,
564 3355 587 3388 a.
610 3354 652 3386 nec
663 3354 734 3387 curvo
745 3335 872 3386 adoranda
889 3334 1040 3401 (adoranda,
1052 3334 1090 3399 Κ)
1108 3344 1199 3398 aratro,
1211 3355 1231 3387 r.
1258 3351 1299 3385 nec

175 3424 246 3456 curvo
258 3405 398 3469 laborando,
410 3422 435 3471 γ.
457 3422 499 3455 nec
510 3423 582 3455 carno
594 3404 722 3457 adoranda
733 3413 825 3468 aratro,
838 3423 879 3454 nec
889 3423 948 3455 cara
960 3403 1101 3466 laborando,
1112 3402 1141 3467 β.
1255 3470 1258 3474 Δ

209 3478 224 3540 ξ
236 3482 260 3525 3.
278 3473 356 3536 Folio,
368 3492 389 3525 r.
408 3475 527 3526 Ceterum
539 3491 563 3524 v.
575 3475 693 3525 Dioscor.
707 3480 730 3535 5,
745 3481 767 3524 1.
787 3516 818 3524 ..
837 3473 956 3538 pampini,
967 3474 1024 3523 Vd.
1048 3473 1172 3536 pompina,
1185 3489 1207 3523 a.
1228 3487 1299 3535 pam·

172 3544 239 3607 pino,
251 3560 270 3592 r.
289 3585 320 3592 -
341 3542 454 3606 pampini
465 3542 522 3602 triti,
535 3545 579 3592 ad.
601 3541 713 3605 pampini
724 3543 790 3600 trita,
802 3543 836 3591 V.
856 3583 887 3590 -
905 3540 1011 3590 medetur
1022 3540 1122 3602 infusae,
1135 3542 1159 3588 d.
1179 3581 1210 3589 ..
1231 3554 1298 3602 pam-

175 3610 228 3671 mis‚
240 3608 298 3661 Vd.
314 3610 411 3674 pammi,
424 3606 519 3674 adssr.
537 3610 591 3660 Nos
603 3611 714 3660 litteram
726 3626 739 3658 e
750 3610 913 3660 restituimus.
928 3648 961 3658 ..
976 3606 1044 3671 pilia,
1057 3622 1108 3656 om.
1120 3610 1157 3657 (1¹.
1176 3647 1208 3656 ..
1221 3605 1298 3654 maai-
1371 3668 1374 3673 Ι

175 3695 263 3742 ineque,
276 3680 349 3729 Tae.
367 3678 469 3727 maritae
480 3693 549 3741 qnae,
562 3678 596 3727 V.
615 3678 761 3740 maximeque
773 3693 846 3741 aqua,
857 3671 887 3737 β.
907 3715 935 3724 ..
946 3690 1036 3740 paam,
1048 3673 1103 3723 Va.
1121 3689 1181 3734 enm,
1193 3675 1247 3723 Τό.
1266 3714 1298 3722 .-

175 3745 280 3795 candent
299 3748 333 3796 V.

209 3817 260 3879 §a
280 3784 345 3864 'tatis
357 3811 591 3874 albae-tolluntur,
609 3830 659 3863 om.
671 3830 691 3862 r.
713 3853 738 3862 ..
760 3828 822 3873 sace,
834 3811 942 3861 VTad.
968 3824 1035 3858 succo
1045 3816 1068 3857 et
1079 3807 1153 3868 tlara,
1164 3801 1193 3869 β.
1212 3849 1243 3857 ..
1263 3807 1298 3856 in-

172 3882 295 3948 petiginie,
307 3884 340 3932 V.
360 3923 390 3931 -
409 3881 467 3929 vina
478 3897 564 3942 eornm,
576 3883 610 3931 V.
630 3923 661 3930 -
679 3878 845 3947 condylomati,
857 3878 913 3929 Vd.
930 3919 962 3928 -
981 3874 1073 3938 tumori,
1084 3877 1139 3925 Va.
1158 3883 1206 3924 tam
1218 3875 1261 3938 cri,
1274 3878 1298 3926 d.

176 3992 209 4002 ..
228 3967 297 4000 sacro
309 3950 367 4014 iani,
380 3953 404 3999 d.
423 3991 454 4000 ..
479 3948 631 4013 intertrigini,
644 3949 727 3999 VTd.
754 3946 921 4010 intertrigines,
938 3939 988 4007 ast.

209 4021 265 4083 §5.
290 4025 468 4078 normannorum,
483 4017 540 4067 Vd.
562 4018 741 4078 tormentant
768 4014 889 4077 earnrenti,
906 4015 947 4063 αἳ.
965 4053 997 4062 ..
1018 4009 1138 4074 adlienia
1150 4012 1205 4061 Va.
1232 4009 1300 4059 lieniv

175 4085 216 4148 ad,
229 4088 254 4136 d.
273 4128 304 4136 -
326 4101 487 4149 routpertum,
499 4087 533 4136 V.
560 4100 716 4147 conspersam,
733 4079 805 4147 ᾱβγ.
831 4096 993 4145 compressum,
1009 4095 1032 4130 a
1050 4119 1083 4130 ..
1102 4078 1215 4140 bini,ad.
1241 4078 1298 4139 vini,

174 4156 259 4205 V...
284 4154 308 4203 in
321 4153 410 4215 lieren,
423 4168 445 4203 a.
473 4153 498 4201 in
514 4151 648 4214 liene‚Vd.
666 4192 698 4201 ..
717 4152 821 4212 eavit
840 4157 863 4197 et
873 4165 910 4211 ea,
923 4144 993 4214 ᾱβγ.

209 4225 259 4286 56.
277 4238 331 4271 ntea
343 4229 373 4285 et,
385 4238 407 4272 a
425 4237 480 4269 moa
495 4220 592 4283 ei,Vd.
607 4260 636 4269 -
656 4217 718 4281 item,
736 4217 906 4269 omitt.Vad.
920 4257 951 4266 -
970 4223 1042 4278 orem,
1053 4215 1087 4266 V.
1108 4255 1135 4263 -
1154 4222 1298 4278 partescum

174 4288 231 4352 oleo,
243 4306 266 4341 a.
281 4298 365 4354 partes
376 4286 414 4337 vel
423 4304 474 4338 cnm
486 4286 543 4350 oleo,
558 4280 638 4338 θΤᾱ.
693 4350 695 4355 Α
