2918 4800
189 273 250 337 134
539 286 742 334 carnonam
765 286 961 335 mesonma

186 440 317 527 petitur.
340 437 405 503 Pro
427 460 465 505 eo
487 448 536 503 est
556 448 588 503 et
608 437 929 524 pseudodictamnum
950 438 1059 505 multis
1080 438 1114 504 in
1135 437 1229 503 terris
1251 459 1310 502 na-

188 563 290 619 scens,
311 540 386 606 folio
409 539 521 618 simile,
544 539 676 606 ramulis
697 540 885 619 minoribus,
909 564 929 604 a
949 540 1143 624 quibusdam
1161 539 1312 606 chondris

188 652 357 718 vocatum3
398 640 531 706 minoris
564 641 699 707 effectus
731 642 839 706 statim
870 641 1081 730 intellegitur3
1115 641 1312 707 dictamnum
1369 671 1375 681 ·

188 744 272 810 enim
293 743 434 812 minuma
454 743 584 829 potione
607 742 754 808 accendit
775 765 822 808 os.
846 738 913 824 Qui
933 743 1042 830 legere
1064 765 1129 821 eas,
1151 743 1186 808 in
1208 743 1358 808 ferulam

187 855 242 911 aut
262 845 442 911 harundine
464 843 607 908 condunt
633 844 879 930 praeligantque
906 867 947 908 ne
967 836 1110 930 potentia
1131 855 1312 911 evanescat.

188 944 273 1011 Sunt
294 945 350 1031 qui
372 946 481 1010 dicant
501 955 672 1028 utramque
694 945 783 1010 nasci
804 945 1020 1024 multifariam,
1051 947 1110 1010 sed
1136 946 1312 1012 deteriores

186 1049 221 1113 in
247 1048 335 1135 agris
362 1045 548 1134 pinguibus,
576 1069 686 1112 veram
715 1047 846 1131 quidem
872 1046 1069 1112 dictamnum
1096 1070 1161 1113 non
1187 1047 1251 1112 nisi
1277 1047 1312 1112 in
1410 1114 1414 1120 ,

188 1149 324 1236 asperis.
361 1146 425 1212 Est
447 1158 478 1213 et
499 1147 626 1213 tertium
647 1171 751 1234 genus
773 1147 969 1213 dictamnum
991 1159 1151 1228 vocatum,
1175 1149 1231 1214 sed
1253 1171 1311 1214 ne-

189 1272 252 1334 que
274 1248 356 1313 facie
374 1270 483 1332 neque
504 1249 621 1314 effectu
642 1249 755 1328 simile,
776 1249 852 1315 folio
874 1248 1035 1334 sisymbri,
1061 1250 1160 1315 ramis
1181 1248 1312 1315 maiori·

188 1349 261 1428 bus,
284 1350 499 1436 praecedente
521 1350 731 1436 persuasione
752 1350 817 1430 illa,
841 1349 998 1436 quidquid
1020 1352 1054 1417 in
1077 1349 1175 1418 Creta
1196 1373 1313 1417 nasca-

190 1462 242 1516 tur
262 1451 387 1517 infinito
415 1464 580 1538 praestare
606 1453 720 1518 ceteris
750 1452 896 1518 eiusdem
923 1452 1051 1539 generis
1080 1453 1156 1519 alibi
1182 1453 1313 1541 genitis,

189 1574 346 1638 proxume
372 1552 459 1637 quod
485 1553 519 1617 in
540 1553 684 1618 Parnaso
691 1577 700 1629 3
731 1553 851 1637 alioqui
877 1553 1071 1619 herbiferum
1099 1577 1171 1622 esse
1192 1565 1225 1620 et
1246 1554 1314 1620 Pe-

189 1653 267 1718 lium
289 1664 429 1720 montem
450 1654 484 1718 in
498 1654 667 1720 Thessalia
689 1665 722 1720 et
735 1654 934 1720 Telethrium
951 1654 985 1718 in
1007 1654 1142 1721 Euboea
1162 1666 1196 1722 et
1217 1665 1314 1723 totam

190 1752 367 1820 Arcadiam
388 1779 426 1822 ac
448 1755 645 1822 Laconicam
667 1756 806 1821 tradunt.
838 1756 985 1822 Arcades
1007 1757 1137 1842 quidem
1159 1780 1224 1823 non
1245 1779 1314 1824 me·
1327 1773 1361 1817 9⁴

101 1846 110 1853 ’
191 1853 403 1922 dicaminibus
424 1858 472 1923 uti
500 1858 556 1923 sed
581 1859 663 1924 lacte
691 1858 776 1923 circa
798 1880 865 1936 rer,
892 1858 1043 1942 quoniam
1070 1870 1138 1924 tum
1166 1881 1314 1925 maxume

192 1956 278 2022 sucis
299 1957 419 2025 herbae
441 1970 592 2046 turgeant
613 1959 878 2044 medicenturque
899 1959 1001 2025 ubera
1022 1960 1152 2044 pascuis
1159 1985 1169 2036 3
1198 1960 1315 2027 bibunt

191 2066 298 2123 autem
312 2061 491 2140 vaccinum,
507 2062 658 2145 quoniam
668 2060 768 2126 boves
779 2062 963 2128 omnivorae
978 2062 1044 2126 fere
1060 2071 1134 2128 sunt
1147 2061 1181 2126 in
1194 2061 1315 2127 herbis.

191 2158 341 2226 Potentia
355 2184 466 2228 earum
480 2186 539 2249 per
552 2163 771 2249 quadripedes
781 2164 957 2229 etiamnum
967 2163 1092 2229 duobus
1104 2162 1198 2229 claris
1208 2185 1316 2229 exem·

191 2262 254 2347 plis
276 2263 444 2330 manifesta
471 2265 522 2342 fin
551 2265 637 2330 circa
657 2264 827 2331 Abderam
853 2276 886 2330 et
911 2265 1045 2330 limitem
1070 2264 1126 2349 qui
1147 2263 1317 2330 Diomedis

191 2375 326 2431 vocatur
353 2365 428 2448 equi
457 2367 542 2452 pasti
570 2365 806 2431 inflammantur
833 2366 937 2445 rabie,
970 2366 1054 2432 circa
1079 2366 1214 2432 Potnias
1239 2388 1317 2432 vero

191 2473 222 2528 et
243 2465 335 2529 asini.

235 2566 286 2631 54.
309 2567 399 2632 Inter
420 2567 633 2634 nobilissimas
648 2569 869 2636 aristolochiae
889 2592 1005 2635 nomen
1020 2569 1150 2637 dedisse
1165 2568 1317 2656 gravidae
1331 2583 1364 2630 es

226 2775 279 2824 Pro
291 2792 325 2838 eo,
337 2778 455 2827 Dioscor.
469 2785 492 2839 3,
506 2783 545 2828 34.
558 2775 626 2841 (38.)
639 2820 671 2829 -
689 2785 725 2828 est
736 2786 766 2841 et,
779 2779 830 2829 na
849 2785 890 2839 eat,
902 2780 936 2829 V.
950 2779 1007 2830 Om.
1020 2781 1043 2829 d.
1057 2819 1089 2828 ..
1107 2777 1140 2839 in,
1157 2779 1208 2829 Ra.
1227 2777 1317 2830 Omitt.

193 2842 248 2892 Vd.
268 2885 299 2893 ..
319 2844 567 2906 terrie-minoratae,
579 2847 662 2898 VRd.
687 2846 854 2908 terminamus,
866 2861 890 2895 a.
913 2846 1031 2898 Ceterum
1047 2847 1073 2896 in
1090 2847 1131 2897 his
1146 2846 1228 2896 verbis
1243 2842 1319 2894 simile

193 2912 290 2961 habent
309 2904 402 2972 OVR,
420 2911 494 2961 simili
508 2910 557 2975 ᾱβ.
576 2955 607 2964 ..
626 2911 729 2975 conans,
741 2915 803 2964 VR.
823 2955 854 2963 ..
872 2913 960 2975 statim,
973 2915 1079 2964 VRad.
1095 2920 1224 2977 postetam,
1235 2914 1268 2963 K.
1285 2952 1317 2962 -

194 2977 336 3027 dictamnum
352 2979 413 3028 enim
428 2980 538 3042 minima,
550 2983 602 3032 Ra.
628 2979 770 3030 dictamum
787 2981 847 3030 enim
865 2981 951 3043 nirnia,
964 2985 987 3033 d.
1010 2980 1098 3032 dietam
1114 2980 1258 3031 nomenenim
1274 2978 1319 3028 mi·

194 3046 267 3107 nima,
279 3048 313 3097 V.
332 3089 363 3097 -
381 3046 497 3108 accendit,
508 3066 532 3099 a.
549 3048 656 3111 accedit,
669 3050 753 3100 VRd.
769 3090 800 3099 ..
819 3047 868 3112 hos,
880 3052 904 3100 d.

227 3133 242 3195 §
255 3137 296 3182 93.
319 3148 368 3194 eas,
380 3132 480 3183 RTad.
504 3149 564 3194 eam,
577 3129 656 3198 Vssr.
680 3150 716 3195 aa,
729 3136 820 3183 Doleo.
840 3175 871 3183 ..
890 3132 979 3197 fercla
990 3141 1040 3195 aut,
1056 3133 1092 3184 ita
1103 3147 1152 3183 nos
1164 3133 1318 3196 scripsimus.

187 3197 315 3264 ferulovia
325 3208 359 3263 at,
371 3201 434 3251 VR.
449 3201 537 3265 ferula
548 3200 584 3250 nii
595 3210 644 3263 aar,
656 3205 673 3252 d
685 3216 718 3252 ex
730 3217 794 3252 corr.
808 3203 920 3252 eiusdem
933 3217 1031 3252 manns.
1041 3199 1129 3266 serula
1140 3199 1184 3262 vel,
1197 3195 1267 3264 adr.
1287 3240 1318 3250 -

190 3267 440 3333 praelipatque,VR.
464 3312 495 3319 ..
523 3285 572 3331 nec,
589 3271 620 3319 R.
639 3310 670 3320 -
698 3278 805 3333 utraque,
818 3273 870 3322 Rd.
893 3312 924 3320 -
952 3269 1092 3334 multifaria,
1105 3270 1190 3320 VRd.
1209 3309 1240 3318 -
1263 3267 1320 3331 pin·

193 3335 285 3400 quibus,
298 3340 321 3387 d.
345 3336 545 3402 pinpum,VRa.
564 3380 596 3387 -
621 3336 809 3401 qaidem,Rad.
832 3337 938 3402 quidam,
954 3331 1027 3387 OVL
1051 3338 1166 3400 qae,V².
1185 3378 1216 3386 ..
1239 3334 1287 3384 Est
1298 3342 1321 3384 et

195 3455 295 3516 tertium,
308 3457 391 3506 VRa.
414 3408 650 3524 sssssssssEstmum,
663 3460 686 3508 d.
705 3499 736 3507 ..
757 3457 835 3522 facie,
852 3473 874 3508 a.
893 3455 1077 3522 factmvnd.
1104 3453 1179 3516 caule,
1192 3471 1211 3504 r.
1232 3497 1263 3504 -
1286 3453 1319 3502 si-

194 3523 284 3584 cimbri,
301 3525 336 3574 V.
361 3565 392 3573 -
416 3523 584 3589 praecedente,
604 3519 732 3576 OVRad.
758 3524 908 3588 procedente,
924 3521 954 3588 β.
981 3524 1101 3577 Ceterum
1119 3525 1183 3575 haec
1201 3531 1260 3573 sunt
1277 3525 1320 3572 de·

195 3601 295 3656 sumpta
312 3607 346 3642 ex
358 3592 487 3657 Theophr.
500 3594 559 3643 hist.
571 3594 651 3656 plant.
663 3594 711 3643 IX.
727 3598 766 3655 15,
779 3601 802 3643 4.
822 3635 853 3643 -
876 3594 1066 3654 nascaman.
1093 3585 1319 3653 noscitanltastr.

195 3659 344 3774 ι-αἱίοᾳαί,
357 3660 462 3710 VRad.
484 3659 599 3724 alioquin,
611 3658 639 3723 β.
658 3703 689 3712 ..
709 3677 765 3720 ease,
777 3678 799 3711 a.
822 3661 986 3722 msetVRd.
1004 3702 1036 3711 -
1056 3658 1157 3720 Pellam,
1170 3661 1202 3710 V.
1223 3699 1253 3708 ..
1276 3657 1320 3706 Te-

206 3727 287 3775 eniam
309 3729 372 3778 VR.

229 3764 298 3858 §ati
320 3812 367 3844 non
379 3795 404 3843 in
416 3793 617 3859 medicaminibus,
630 3792 659 3847 θ.
679 3839 710 3846 -
729 3795 793 3858 breti,
806 3796 838 3847 R.
857 3837 889 3847 ..
911 3796 1035 3856 mecvm,
1048 3797 1133 3847 VRd.
1159 3794 1284 3853 ct'rcaater,
1297 3808 1320 3842 a

198 3902 228 3911 ..
248 3865 408 3923 mm,Vad².
437 3872 534 3927 tantam,
548 3867 586 3915 (1¹.
614 3873 675 3923 tnnc,
691 3861 771 3930 Rssy.
791 3907 822 3915 -
847 3866 929 3914 uberes
937 3878 1044 3928 pascuae
1055 3862 1101 3925 tta,
1118 3865 1192 3914 codd.
1204 3862 1320 3912 Barbari.

198 3969 228 3978 ..
248 3930 372 3992 libanda.
392 3972 424 3981 ..
450 3941 528 3982 numm
546 3933 584 3983 loc
599 3933 729 3993 caminum,
741 3948 761 3982 r.
780 3975 810 3982 -
839 3933 980 3994 omnisonae,
997 3932 1101 3982 Barbar.
1129 3930 1321 3992 omniotfi,VR.

196 3997 316 4059 omnibort',
330 4016 352 4049 a.
376 4000 469 4049 omnino
480 4001 509 4064 si,
522 4004 546 4052 d.
566 4043 597 4051 -
612 4001 678 4066 sere,
690 4002 795 4052 VRad.
810 4001 893 4065 serae,
904 3996 934 4062 β.
948 4002 1006 4053 Om.
1019 4001 1124 4050 Barbsr.
1142 4041 1174 4050 ..
1192 4005 1254 4058 sant,
1266 3998 1322 4047 Va.

196 4065 315 4196 sintRbl.
336 4109 366 4116 -
393 4068 538 4133 manifestat,
550 4070 585 4120 V.
604 4109 635 4121 ..
662 4068 797 4132 Paeniteat,
809 4084 833 4119 a.
853 4110 884 4120 ...
910 4066 1166 4128 etast‘ni,VR'llad.
1184 4064 1278 4126 maslot,
1293 4058 1322 4113 θ.

196 4150 268 4195 arent,
302 4171 308 4185 .

230 4204 299 4267 §tta
326 4202 483 4268 aristolociae,
499 4205 563 4256 VR.
589 4203 750 4268 arismloctaa
767 4207 791 4256 d.
820 4205 1105 4258 Ceterumv.Dioscor.
1118 4211 1143 4264 3,
1156 4209 1180 4252 t.
1200 4243 1231 4253 ..
1255 4207 1322 4262 esset,
1401 4230 1408 4241 .

197 4286 247 4320 om.
260 4287 282 4322 a.
296 4313 325 4322 -
346 4266 443 4340 ἀρίστη
456 4268 609 4340 leporinam,
619 4273 651 4324 R.
670 4271 854 4336 aristelecltmes,
867 4276 940 4325 codd.
949 4273 1064 4324 Barbari.
1082 4269 1219 4321 arbtehcua
1230 4285 1280 4331 aes,
1289 4269 1323 4319 V.
