2918 4800
184 280 185 283 '
217 293 281 356 404
569 308 773 354 narnensis
795 306 990 354 mesonma

218 458 370 537 divolsus,
394 459 553 524 herinacei
575 460 628 536 fel,
658 471 753 546 caput
778 461 916 524 lacertae
946 460 998 523 vel
1028 457 1160 546 sanguis
1186 459 1239 524 vel
1261 459 1342 522 einis

219 562 332 640 totius,
366 561 552 626 membrana
580 561 753 628 senectutis
782 561 952 646 anguium,
984 559 1096 623 fimum
1127 558 1342 645 gallinaceum

217 686 289 728 cum
311 663 380 729 oleo
402 675 434 727 et
447 663 549 726 uitro.
574 661 786 727 Cantharidas
810 686 883 727 oum
904 683 969 727 uva
991 661 1122 725 taminia
1137 660 1267 726 intritae
1281 685 1341 726 ex-

216 765 331 842 edunt,
361 765 418 829 sed
445 764 492 828 ita
519 786 627 828 erosas
657 763 728 828 aliis
757 786 839 847 quae
867 763 908 828 ad
930 761 1132 849 persananda
1154 762 1263 828 ulcera
1285 763 1340 826 de.

215 867 463 936 monstravimus
486 865 591 930 curari
614 876 751 951 oportet.

257 967 304 1031 X.
335 968 384 1031 24.
414 967 511 1032 Nunc
537 977 778 1052 praevertemur
806 966 848 1030 ad
877 988 916 1032 ea
943 989 1025 1050 quae
1054 967 1127 1032 totis
1155 965 1342 1052 corporibus
1356 984 1389 1030 sa

215 1070 387 1134 metuenda
411 1080 495 1134 sunt.
532 1068 593 1133 Fel
615 1069 703 1134 oanis
725 1069 811 1156 nigri
834 1069 966 1133 masculi
993 1067 1166 1132 amuletum
1196 1089 1268 1132 esse
1291 1067 1341 1131 di-

215 1181 290 1235 cunt
312 1171 399 1259 magi
422 1171 536 1235 domus
560 1168 657 1234 totius
673 1170 799 1235 suffitae
815 1193 852 1234 eo
867 1169 1096 1255 purificataeve
1112 1179 1221 1234 contra
1235 1168 1343 1233 omnia

216 1272 300 1336 mala
322 1272 565 1351 medicamenta,
588 1272 664 1336 item
686 1271 875 1357 sanguinem
890 1272 977 1336 oanis
992 1271 1149 1358 respersis
1164 1271 1342 1358 parietibus

215 1373 417 1460 genitaleque
440 1374 509 1438 eius
532 1373 592 1438 sub
607 1373 718 1437 limine
733 1373 847 1438 ianuae
863 1373 1037 1438 defossum.
1059 1372 1172 1438 Minus
1185 1372 1342 1438 mirentur

214 1474 275 1539 hoe
304 1478 358 1559 qui
386 1476 489 1540 sciunt
519 1475 737 1540 foedissimum
766 1475 950 1539 animalium
977 1474 1010 1539 in
1037 1488 1192 1559 quantum
1214 1476 1341 1561 magni·

215 1575 313 1640 fioent
340 1576 487 1654 ricinum,
516 1576 667 1660 quoniam
697 1577 753 1640 uni
782 1577 889 1642 nullus
918 1579 958 1642 sit
987 1577 1092 1642 exitus
1122 1577 1254 1665 saginae
1281 1599 1342 1642 neo
1440 1653 1444 1657 ,

214 1678 288 1743 finis
309 1679 371 1743 alia
393 1702 489 1764 quam
513 1691 622 1756 morte,
651 1679 772 1743 diutius
799 1678 832 1742 in
860 1681 943 1743 fame
966 1679 1104 1758 viventi3
1134 1679 1274 1765 septenis
1296 1679 1343 1742 ita

216 1779 329 1845 diebus
351 1782 483 1846 durasse
505 1781 646 1856 tradunt,
670 1793 702 1844 at
725 1780 757 1843 in
782 1780 928 1846 satietate
944 1780 1150 1866 paucioribus
1165 1780 1341 1846 dehiscere.

217 1881 317 1947 Hunc
340 1905 379 1946 ex
402 1905 479 1947 aure
503 1883 631 1947 sinistra
654 1881 741 1947 canis
763 1883 867 1948 omnis
895 1881 1021 1948 dolores
1051 1882 1164 1948 sedare
1186 1883 1342 1970 adalliga-
1356 1897 1390 1942 ss

218 1995 303 2059 tum3
332 1985 469 2049 eundem
491 1985 525 2047 in
548 1984 685 2072 augurio
708 1983 854 2048 vitalium
883 1984 1017 2059 habent3
1046 2007 1121 2048 nam
1144 1985 1171 2049 si
1193 2007 1291 2070 aeger
1313 1985 1343 2049 ei

218 2087 410 2172 respondeat
438 2085 494 2171 qui
522 2086 663 2151 intulerit
686 2110 704 2151 a
726 2086 864 2171 pedibus
888 2086 986 2151 stanti
1007 2086 1278 2174 interrogantique
1301 2086 1342 2151 de

218 2188 339 2266 morbo,
363 2211 455 2274 spem
477 2188 561 2253 vitae
583 2200 703 2254 certam
722 2211 804 2266 esse,
828 2189 1017 2254 moriturum
1036 2187 1116 2252 nihil
1130 2189 1325 2274 respondere
1332 2213 1341 2264 3

218 2289 361 2354 adiciunt
390 2301 425 2354 ut
452 2291 605 2355 evellatur
631 2313 672 2354 ex
700 2312 776 2354 aure
803 2290 894 2355 laeva
921 2290 1009 2355 oanis
1038 2289 1090 2355 cui
1112 2312 1176 2355 non
1198 2289 1239 2354 sit
1261 2289 1343 2354 alius

217 2413 313 2474 quam
335 2392 428 2478 niger
450 2393 546 2456 color.
567 2391 720 2479 Nigidius
736 2393 850 2479 fugere
867 2402 933 2457 toto
949 2392 1000 2456 dic
1019 2413 1113 2456 canes
1136 2395 1343 2477 conspectum
1357 2407 1390 2450 at

218 2492 287 2556 eius
310 2491 366 2577 qui
387 2515 404 2556 e
427 2515 484 2558 sue
505 2492 540 2556 id
562 2492 679 2556 animal
700 2493 845 2558 evellerit
869 2493 1022 2580 scriptum
1043 2493 1181 2577 reliquit.
1216 2493 1343 2558 Rursus

206 2594 306 2678 tmagi
334 2594 463 2660 tradunt
490 2593 673 2680 lymphatos
704 2594 871 2681 sanguinis
898 2596 1003 2682 talpae
1036 2595 1194 2682 adspersu
1226 2593 1342 2680 resipi-

220 2717 319 2772 scere,
332 2704 395 2760 'eos
418 2718 494 2760 vero
516 2695 572 2779 qui
595 2720 613 2759 a
636 2697 803 2761 nocturnis
825 2697 875 2761 dis
890 2697 1059 2782 faunisque
1081 2698 1243 2784 agitentur
1266 2695 1342 2760 dra·

220 2796 307 2862 conis
332 2796 443 2884 lingua
471 2807 503 2861 et
525 2797 625 2863 oculis
652 2810 684 2862 et
710 2797 784 2863 felle
811 2799 1034 2884 intestinisque
1061 2799 1094 2863 in
1122 2799 1197 2864 vino
1220 2811 1252 2863 et
1273 2798 1344 2862 oleo
1437 2866 1440 2871 ,

254 3004 363 3066 irenacei,
375 3006 428 3056 Rd.
442 3049 470 3057 -
491 3007 627 3071 uapularem,
641 3009 702 3058 VR.
717 3050 747 3057 -
765 3007 918 3072 gallinarum,
930 3011 967 3059 d¹.
987 3051 1018 3059 ..
1036 3025 1095 3070 cam,
1108 3024 1157 3059 om.
1171 3008 1204 3057 V.
1224 3047 1255 3056 -
1280 3003 1344 3056 Oan-

224 3072 341 3135 suarides,
354 3075 437 3126 vad.
464 3072 629 3136 Canthus-ides,
645 3072 695 3141 βγ.
721 3118 750 3125 -
777 3076 875 3139 lamina,
890 3078 925 3127 V,
944 3119 974 3127 ..
1000 3076 1084 3126 intrim
1099 3084 1190 3136 execat
1206 3075 1291 3126 vad.
1311 3117 1342 3125 -

221 3139 438 3206 demonstravimus,
453 3147 484 3196 R.
511 3144 698 3206 monstrauimus,
710 3139 812 3208 vdssr.

256 3212 322 3274 §82
344 3213 602 3273 praevertemur,VR.
630 3213 758 3270 revertem',
772 3214 794 3262 d.
822 3221 969 3272 reuertemur,
986 3216 1060 3263 codd.
1074 3213 1130 3264 Gel.
1142 3207 1193 3276 βγ.
1214 3252 1244 3261 ..
1264 3208 1346 3265 dimas

221 3277 294 3342 mapi,
306 3279 390 3329 VRd.
418 3280 484 3345 mapi
500 3279 588 3340 dicant,
599 3276 648 3344 βγ.
670 3322 701 3330 ..
724 3279 871 3345 sanquinem,
883 3282 916 3330 V.
943 3279 1065 3345 sanquine,
1078 3275 1178 3344 Rdfir.
1199 3320 1229 3328 -
1251 3295 1344 3342 resper-

222 3363 271 3408 sas,
284 3347 316 3396 V.
336 3388 366 3396 -
384 3347 540 3412 penitaleqae,
552 3349 588 3397 ita
599 3363 647 3397 nos
660 3349 812 3412 scripsimus.
835 3347 986 3413 genitalique,
1000 3343 1133 3412 vladssy.
1153 3389 1184 3397 ..
1203 3347 1281 3405 ianae,
1294 3347 1344 3396 Ra

223 3413 320 3474 laaave,
338 3416 437 3465 VR'd.
462 3457 491 3465 -
520 3415 650 3481 defossam,
668 3417 731 3466 VR.
762 3416 865 3480 defosso,
883 3417 898 3465 d
905 3411 956 3479 βγ.
980 3458 1011 3465 ..
1038 3414 1299 3480 saiaatfoedtssiamm,
1319 3417 1344 3464 d.

222 3481 474 3546 saiantsoedissimunt
484 3484 561 3532 sciant
570 3491 671 3543 satnaat,
683 3485 714 3533 V.
732 3483 979 3548 saiaatsoedisaimum
990 3483 1067 3533 sciam
1077 3492 1177 3545 sumant,
1190 3485 1220 3534 R„
1234 3524 1264 3532 ..
1284 3481 1345 3543 alia,

222 3551 308 3599 VRd.
333 3549 425 3613 aliqua,
437 3569 456 3600 r.
481 3550 550 3612 alias,
563 3553 596 3601 K.
619 3551 661 3612 ali,
673 3554 788 3602 Murbac.
800 3568 840 3616 ap.
853 3552 958 3603 Comes.
971 3554 1003 3602 ad
1015 3554 1131 3603 Dioscor.
1144 3559 1168 3612 4,
1184 3558 1238 3601 143.
1258 3582 1294 3600 ..·
1308 3550 1345 3598 ai-

223 3616 305 3677 ceatis,
318 3618 379 3667 VR.
400 3660 430 3668 ..
450 3617 544 3680 durare,
558 3621 589 3669 K.
611 3660 640 3668 -
661 3618 701 3679 ad,
714 3620 748 3669 V.
768 3661 798 3669 -
818 3619 846 3668 de
864 3636 923 3683 cere,
935 3636 956 3669 r.

258 3684 325 3744 §Sta
351 3685 571 3745 eandem‚Burbar.
590 3685 734 3751 funditinm,
747 3688 858 3739 VRTd.
878 3686 1011 3750 sandalum,
1024 3689 1096 3737 codd.
1109 3687 1224 3737 Barbari.
1247 3689 1288 3736 Ex
1301 3701 1345 3735 co-

224 3755 307 3803 dicum
328 3754 452 3818 scriptura
472 3765 576 3819 apparet
592 3756 736 3805 Barbarum
756 3757 842 3804 locum
859 3773 912 3806 non
928 3771 1089 3819 persanasse;
1112 3756 1263 3805 coaluerunt
1280 3756 1346 3803 duae

223 3821 308 3882 voces,
327 3837 433 3884 quarum
453 3825 520 3886 prior
537 3839 597 3874 sane
613 3823 662 3873 luit
679 3821 783 3883 eandem,
800 3823 878 3873 altera
890 3825 1043 3874 adiectivum
1056 3825 1082 3872 in
1094 3822 1153 3872 icius
1165 3824 1259 3882 exiens,
1277 3825 1347 3886 quod

224 3888 299 3952 quale
317 3891 356 3950 sit,
373 3891 481 3953 reperire
498 3906 549 3941 non
565 3893 645 3956 potui.
669 3891 733 3941 Tale
750 3906 808 3941 vero
824 3892 977 3942 adiectivum
994 3894 1079 3942 deesse
1095 3892 1151 3955 ipsa
1168 3892 1243 3941 etiam
1264 3891 1346 3940 oratio

225 3957 347 4018 ostendit,
369 3973 427 4007 eum
444 3959 542 4009 Plinius
562 3960 608 4008 illo
630 3961 724 4010 omisso
741 3975 794 4008 non
811 3958 835 4007 in
853 3961 960 4024 anparai),
979 3963 1023 4010 sed
1041 3958 1065 4008 in
1083 3958 1191 4024 cupariis
1206 3959 1347 4022 scripturus
1415 3966 1420 3974 '

225 4023 320 4073 luisset.
340 4066 370 4073 -
389 4025 412 4073 si
427 4041 498 4090 aeper
510 4027 542 4089 ei;
560 4043 607 4091 pro
623 4028 661 4077 his
673 4043 712 4076 vv.
725 4029 820 4077 habent
836 4027 859 4076 si
873 4027 962 4092 aperiat
978 4029 1002 4077 ei
1016 4030 1073 4087 Rd,
1090 4028 1125 4077 sia
1135 4026 1216 4091 pariat
1226 4026 1249 4075 ei
1259 4027 1293 4075 V.
1313 4066 1346 4075 -

225 4090 365 4154 respondeat
377 4093 458 4157 etqui,
472 4095 556 4145 VRd.
576 4136 606 4144 -
631 4093 811 4156 intullerat,R¹.
833 4137 862 4144 ..
882 4112 905 4156 a,
925 4112 974 4145 om.
988 4097 1032 4145 R'.
1052 4136 1082 4144 ..
1107 4095 1300 4158 interrogatique,
1311 4094 1346 4144 V.

226 4200 256 4207 -
276 4158 347 4220 colar,
360 4163 429 4210 R2'd.
448 4159 519 4222 aolus,
531 4164 605 4213 VR'.

260 4229 333 4290 584.
360 4227 462 4292 Mylas,
480 4232 511 4280 R.
530 4272 560 4280 -
577 4231 671 4295 furere,
688 4230 750 4280 VR.
770 4271 801 4281 ..
825 4239 883 4291 toto,
899 4232 932 4282 V.
966 4238 1026 4290 tota,
1043 4225 1141 4293 Rdssr.
1162 4271 1192 4279 -
1215 4227 1348 4292 reliquerit,

225 4295 271 4344 R¹.
291 4336 320 4344 ..
346 4294 447 4357 Rursus,
465 4297 495 4346 R.
523 4297 637 4359 Rursum,
653 4298 709 4348 Vd.
728 4338 759 4348 ..
784 4296 920 4364 lymsantos,
936 4299 981 4348 R'.
1001 4339 1032 4347 -
1054 4297 1200 4359 atavae.
1218 4337 1251 4346 -
1274 4304 1349 4359 nocte,
