2918 4800
147 303 209 366 452
497 315 702 361 narunaurs
724 313 919 361 nrsroman

147 469 251 556 magis
274 466 429 534 vocabulo
458 476 592 531 constat.
625 463 815 531 Honoribus
836 464 930 529 etiam
952 452 1270 549 militiaeque'inter·
1285 482 1316 528 ss

147 571 286 658 ponitur,
309 568 436 634 salariis
457 568 532 632 inde
554 567 649 631 dictis
671 589 791 654 magna
805 565 892 652 apud
906 565 1054 650 antiquos
1068 566 1269 644 auctoritate,

147 673 229 736 sicut
250 672 384 757 adparet
404 692 446 735 ex
465 668 594 735 nomine
616 669 749 734 salariae
764 669 846 747 viae,
868 668 1019 752 quoniam
1038 667 1094 734 illa
1115 669 1215 733 salem
1236 668 1271 732 in

145 770 284 839 Sabinos
306 770 428 859 portari
450 782 654 836 convenerat.
676 770 792 835 Ancus
806 767 953 835 Marcius
967 792 1025 835 rex
1047 768 1124 834 salis
1145 770 1271 836 modios

143 881 173 934 v'r
195 875 229 940 iu
244 872 409 961 congiario
423 871 514 937 dedit
527 871 656 958 populis
672 883 703 935 et
718 871 836 936 salinas
850 871 974 957 primus
990 870 1140 936 instituit.
1163 870 1270 937 Varro

144 976 242 1041 etiam
263 973 456 1060 pulmentari
478 973 548 1039 vice
569 995 645 1038 usos
667 985 793 1038 veteres
814 983 926 1038 auctor
948 982 998 1037 est
1020 983 1053 1038 et
1074 971 1173 1038 salem
1196 996 1270 1038 cum

143 1098 227 1162 pane
249 1075 383 1141 esitasse
407 1097 462 1141 eos
483 1073 654 1160 proverbio
676 1075 827 1158 adparet3
855 1095 1004 1138 maxume
1031 1084 1139 1139 tamen
1159 1075 1194 1139 in
1217 1097 1268 1140 sa-

143 1178 206 1244 cris
233 1177 432 1265 intellegitur
461 1175 651 1254 auctoritas,
688 1176 817 1258 quando
845 1175 933 1241 nulla
960 1174 1172 1243 conficiuntur
1200 1175 1271 1241 sine

143 1281 226 1345 mola
249 1280 342 1344 salsa.

184 1383 237 1447 42.
264 1377 446 1445 Salinarum
469 1378 636 1444 sinceritas
659 1400 815 1443 summam
836 1378 914 1443 fecit
935 1401 1027 1444 suam
1043 1377 1268 1458 differentiam,
1283 1393 1314 1438 90

141 1481 303 1564 quandam
329 1481 470 1547 favillam
500 1481 575 1545 salis
601 1501 684 1563 quae
712 1479 874 1545 levissima
896 1503 937 1544 ex
959 1502 997 1545 eo
1019 1491 1069 1545 est
1095 1479 1128 1545 et
1156 1481 1267 1545 candi-

143 1581 273 1646 dissima
280 1605 289 1657 3
317 1583 498 1668 appellatur
519 1592 552 1646 et
572 1581 632 1646 flos
655 1581 742 1659 salis,
769 1581 804 1645 in
829 1592 932 1646 totum
960 1581 1161 1647 diversatos
1183 1581 1267 1646 umi-

142 1682 303 1767 diorisque
329 1695 466 1748 naturae
493 1695 526 1747 et
554 1683 656 1748 crocei
686 1682 801 1748 coloris
828 1692 885 1747 aut
911 1682 988 1759 rufi,
1023 1683 1125 1747 veluti
1152 1681 1267 1770 robigo

142 1784 227 1862 salis,
249 1785 348 1850 odore
369 1807 496 1870 quoque
518 1785 644 1870 ingrato
666 1806 726 1848 ceu
740 1784 822 1872 gari,
845 1784 1039 1849 dissentiens
1061 1808 1081 1849 a
1103 1784 1179 1861 sale,
1201 1805 1267 1849 non

142 1887 236 1950 modo
258 1909 278 1950 a
299 1910 423 1973 spuma.
443 1888 618 1973 Aegyptus
639 1886 763 1951 invenit
785 1885 975 1970 videturque
988 1884 1063 1951 Nilo
1084 1885 1213 1964 deferri,
1235 1896 1268 1949 et

141 1987 285 2053 fontibus
312 2003 418 2053 tamen
449 1987 643 2072 quibusdam
668 1987 800 2053 innatat.
840 1984 1021 2073 Optumum
1050 2010 1091 2053 ex
1120 2009 1158 2052 eo
1181 1987 1267 2070 quod
1281 2000 1309 2045 ⁹1

142 2089 202 2154 olei
224 2091 384 2174 quandam
406 2090 667 2177 pinguitudinem
689 2089 811 2167 reddit3
841 2100 890 2155 est
917 2089 1002 2154 enim
1029 2089 1124 2154 ctiam
1146 2089 1180 2153 in
1200 2089 1268 2154 sale

142 2192 346 2280 pinguitudo,
370 2193 456 2276 quod
477 2192 638 2257 miremur.
675 2192 888 2257 Adulteratur
916 2202 1023 2257 autern
1045 2190 1268 2279 tinguiturque

142 2291 272 2358 rubrica
293 2305 348 2358 aut
370 2294 559 2379 plerumque
582 2304 665 2358 testa
688 2292 773 2371 trita,
797 2293 852 2377 qui
874 2293 967 2358 fucus
989 2315 1072 2376 aqua
1087 2293 1267 2379 deprehen·

143 2393 229 2458 ditur
251 2394 392 2460 diluente
413 2395 576 2460 facticium
599 2395 747 2473 colorem,
770 2418 844 2459 cum
866 2417 961 2460 verus
976 2394 1029 2459 ille
1043 2416 1108 2459 non
1122 2391 1184 2457 nisi
1198 2394 1268 2458 oleo

143 2496 321 2560 resolvatur
344 2508 376 2561 et
395 2497 603 2582 unguentarii
624 2511 757 2584 propter
781 2497 919 2562 colorem
941 2519 979 2561 eo
1001 2518 1151 2560 maxume
1174 2505 1267 2559 utan-

143 2607 205 2660 tur.
243 2594 371 2661 Canitia
391 2598 425 2663 in
447 2597 533 2662 vasis
557 2620 681 2663 summa
704 2612 763 2676 est,
793 2598 899 2664 media
921 2620 998 2663 vero
1019 2621 1095 2684 pars
1117 2597 1266 2676 umidior,

143 2706 180 2759 ut
206 2695 357 2763 diximus.
394 2697 501 2765 Floria
528 2711 643 2782 natura
671 2722 802 2786 aspera,
836 2699 1077 2778 excalfactoria,
1105 2699 1268 2766 stomacho
1282 2711 1311 2756 ⁹2

143 2796 284 2874 inutilis3
315 2799 560 2880 sudoremciet,
588 2802 694 2866 alvom
716 2801 811 2867 solvit
831 2801 866 2867 in
887 2802 962 2867 vino
984 2812 1015 2867 et
1036 2823 1131 2886 aqua,
1157 2801 1268 2887 acopis

179 2975 246 3036 §sa
271 2973 434 3038 interponitur,
447 2977 548 3027 VR2d.
575 2982 598 3024 ct
613 2976 832 3106 intasspcnitnrffll
852 3017 883 3025 -
907 2976 1099 3039 auctoritatass.
1125 2983 1148 3024 ct
1163 2974 1268 3024 anctori-

146 3048 202 3097 tate,
215 3042 270 3091 Vd.
289 3083 320 3092 ..
343 3042 425 3103 salem,
442 3037 582 3095 OVRTd.
605 3042 650 3103 sal,

145 3148 175 3157 ..
194 3111 316 3174 [aad.
342 3127 392 3172 ser,
404 3113 437 3160 V.
457 3152 487 3160 -
512 3110 571 3160 salis
583 3110 679 3171 modios,
696 3105 784 3162 OVR.
808 3110 1040 3172 modicasolis‚Td.
1066 3111 1125 3160 salu
1136 3106 1268 3172 mediati.

144 3216 174 3225 -
198 3175 242 3237 VI,
259 3178 295 3227 ita
312 3193 359 3229 uos
376 3180 528 3243 scripsimus.
555 3188 588 3238 ut,
604 3172 692 3229 OVT.
719 3197 768 3241 aar,
782 3177 845 3242 R(e
857 3177 933 3241 corr.)
955 3178 1137 3244 carmilladr.
1161 3193 1204 3226 sen
1214 3177 1268 3226 mzt-

145 3241 187 3304 lia,
204 3240 233 3305 β.
259 3245 350 3294 modios
368 3263 410 3294 sex
430 3245 519 3307 millia,
539 3248 618 3297 Roth.
636 3249 662 3296 in
680 3248 753 3296 Iahn.
771 3264 839 3297 novo
857 3248 948 3298 horreo
969 3252 1008 3308 la,
1025 3253 1083 3298 866.
1107 3286 1139 3296 ..
1163 3245 1267 3309 populis,

147 3304 265 3362 OVRT.
284 3313 379 3378 populo,
393 3311 464 3379 (Ιβγ.
482 3355 513 3364 -
533 3314 587 3374 vite,
600 3317 633 3364 V.
653 3357 684 3364 -
703 3323 726 3363 et
736 3314 810 3364 solem
822 3331 873 3364 cum
883 3332 947 3379 pane
959 3315 1057 3364 scitam
1068 3331 1113 3373 cos,
1125 3316 1169 3366 Rd
1183 3312 1268 3376 (Mur-

142 3379 197 3428 bac.
211 3396 251 3444 ap.
261 3381 365 3431 Cornan
379 3386 410 3432 ad
422 3383 539 3432 Dioscor.
553 3388 577 3442 5,
587 3382 641 3445 90.)
659 3391 681 3431 et
691 3382 743 3432 sale
753 3399 805 3432 cum
815 3399 879 3447 pane
890 3383 985 3432 esitasse
997 3399 1043 3445 eos,
1054 3377 1141 3434 OVT.
1159 3389 1183 3429 et
1193 3380 1268 3430 salem

143 3462 194 3494 cnm
204 3464 268 3510 pane
280 3448 384 3509 mirasse
397 3451 430 3499 K.
449 3450 546 3498 esitasse
557 3450 617 3498 enirn
629 3449 702 3499 salem
715 3467 765 3500 curn
776 3468 839 3514 pone
851 3459 874 3499 et
884 3467 952 3500 ccaec
963 3458 997 3512 ut,
1008 3447 1037 3513 β
1056 3492 1088 3501 ..
1106 3449 1221 3509 mamma,
1233 3450 1267 3500 K.

177 3514 252 3575 590.
278 3515 437 3579 Sabinarum,
454 3519 510 3567 Vd.
534 3559 565 3567 ..
592 3518 713 3581 qnondam
727 3518 859 3583 sacillum,
876 3520 1009 3570 VRTdr.
1043 3517 1149 3582 quadcm
1162 3515 1268 3583 saville,

143 3583 215 3632 codd.
229 3583 285 3634 Gal.
297 3580 327 3646 β.
341 3627 371 3634 -
382 3585 435 3650 flos
447 3584 514 3646 calis,
526 3587 646 3637 Dioscor.
661 3593 683 3648 5,
699 3592 755 3638 las.
774 3628 805 3636 -
824 3586 897 3648 veliti,
910 3589 943 3637 V.
963 3628 995 3636 -
1011 3586 1075 3652 pari,
1089 3588 1113 3636 d.
1131 3585 1192 3644 curi,
1204 3586 1269 3636 VR.

142 3692 174 3766 ἦ
195 3650 440 3717 Aepyptoinoenitur,
453 3670 473 3701 r.
494 3695 523 3702 ..
548 3652 615 3716 Nilo,
629 3657 676 3707 R2.
701 3652 893 3716 Nudavnm.
912 3697 942 3705 .-
963 3653 1150 3718 dfferriilfd.
1178 3651 1268 3718 dfferi,

176 3721 220 3770 R¹.
241 3760 271 3768 ..
291 3720 408 3781 innatant,
421 3722 455 3770 V.

177 3788 245 3851 591.
268 3786 320 3849 olet,
333 3790 366 3839 V.
386 3830 416 3837 ..
437 3786 609 3852 pinguedinem,
626 3807 645 3838 r.
665 3830 693 3839 -
719 3789 779 3852 salo,
796 3791 830 3840 V.
850 3833 880 3840 ..
905 3807 1002 3854 aquam,
1019 3790 1081 3840 VR.
1100 3830 1131 3838 m
1155 3787 1267 3850 damete,

144 3855 245 3904 R2Td.
273 3854 385 3916 delirante,
402 3856 476 3907 VR¹.
498 3897 526 3905 ..
551 3855 658 3917 colorem,
675 3860 724 3908 R2.
751 3857 975 3917 colerent,VR'd.
996 3899 1027 3908 ..
1054 3855 1165 3916 Canities,
1182 3857 1214 3907 K.
1236 3897 1269 3906 ...

143 3937 242 4049 aaran?
259 3924 328 3974 R2d.
355 3924 380 3973 in
396 3940 495 3984 summa,
513 3925 619 3983 vm.
643 3942 739 3975 summo.
763 3924 817 3987 Est,
833 3927 866 3976 K.
885 3968 915 3977 ...
935 3925 1011 3975 medio
1022 3942 1086 3987 vera,
1098 3927 1133 3974 V.
1153 3966 1183 3974 -
1203 3921 1268 3972 diri-

144 4004 195 4037 mus
235 3995 275 4041 90.

179 4054 247 4116 §92-
270 4057 342 4115 alara,
355 4060 387 4109 V.
408 4100 438 4108 ..
458 4061 546 4123 acopos,
559 4061 701 4112 VRTKd.
724 4061 834 4126 aocpicr's,
846 4059 875 4123 β.
896 4103 925 4112 ,.
945 4061 1086 4126 smegmata,
1098 4060 1132 4111 K.
1154 4058 1271 4123 anaticis,

143 4123 199 4175 VR
208 4125 247 4173 ²d.
265 4126 381 4188 medicas,
394 4127 438 4177 R'.
456 4127 582 4192 smeptizic,
595 4129 625 4178 Τ.
644 4131 807 4193 ενηερηιαῑίείε,
819 4125 849 4192 β.
868 4127 981 4187 dubitor<
991 4125 1036 4179 καὶ
1048 4126 1185 4194 σμήγμασι
1197 4125 1271 4192 πρὸς

120 4191 241 4258 ’τριχῶν
260 4187 419 4255 λεπτυσμόν,
437 4196 554 4246 Dioscor.
581 4238 610 4245 ..
638 4196 701 4261 pilos
718 4197 894 4260 fffflucissime,
914 4200 937 4248 d.
962 4196 1113 4262 philosimce,
1130 4197 1164 4246 V.
1187 4193 1270 4260 plata

141 4269 208 4355 simi,
221 4295 252 4344 R.
273 4335 303 4344 ..
322 4295 420 4358 Fasces,
433 4297 486 4345 Td.
504 4297 580 4359 fecis,
596 4298 644 4346 ΒΨ.
663 4298 729 4359 fiete,
742 4301 775 4350 V.
802 4299 946 4363 &coralli
972 4299 1062 4350 disces
1077 4297 1146 4359 iniec,
1161 4291 1216 4361 βγ.
1236 4338 1269 4348 -

685 3081 691 3094 .
711 3087 740 3094 ..
765 3053 912 3104 convenerat,
927 3038 1066 3094 OVR'ru.
1093 3051 1225 3103 consuerat,
1237 3038 1267 3104 β.
