2918 4800
193 285 256 350 382
548 299 751 345 diruentis
774 299 969 346 nrsroruns

235 456 266 517 4.
298 450 421 518 Gallias
450 451 559 535 utique
587 450 732 536 possedit
753 461 786 515 et
807 450 939 534 quidem
961 450 1002 514 ad
1029 460 1173 516 nostram
1195 467 1367 521 memo-1³

192 556 273 620 riam
280 578 288 631 3
316 576 454 638 namque
483 553 594 619 Tiberi
617 552 767 618 Caesaris
795 552 998 639 principatus
1027 553 1155 618 sustulit
1184 552 1319 618 druidas

192 680 304 724 eorum
332 665 364 721 et
390 655 452 721 hoc
479 678 583 743 genus
612 667 722 721 vatum
748 655 1018 738 medicorumque.
1059 653 1126 720 Sed
1155 656 1233 740 quid
1256 678 1319 744 ego

191 760 269 825 haec
294 780 527 824 oonmemorem
555 756 590 821 in
617 769 685 822 arte
719 778 874 822 oceanum
902 777 1028 841 quoque
1057 768 1259 844 transgressa
1286 768 1321 822 et

190 863 232 927 ad
253 872 387 925 naturae
408 861 504 924 inane
525 860 700 945 pervecta?
721 857 889 923 Britannia
909 858 1067 942 hodieque
1090 882 1161 924 eam
1182 859 1320 924 attonita

112 952 115 956 i
191 962 332 1029 celebrat
361 963 459 1027 tantis
487 960 687 1027 caerimoniis
715 972 752 1025 ut
779 961 909 1025 dedisse
934 960 1045 1027 Persis
1073 961 1176 1026 videri
1202 961 1317 1048 possit.

190 1066 285 1131 Adeo
307 1064 371 1129 ista
391 1074 458 1128 toto
479 1063 600 1128 mundo
622 1085 813 1127 consensere
835 1084 1030 1146 quamquam
1051 1063 1192 1128 discordi
1208 1074 1240 1128 et
1255 1063 1319 1129 sibi

189 1168 316 1255 ignot03
339 1188 398 1230 nec
420 1165 497 1230 satis
519 1165 691 1230 aestumari
713 1174 821 1249 potest
843 1175 1000 1248 quantum
1020 1164 1174 1230 Romanis
1196 1165 1318 1231 debea-

190 1280 244 1334 tur
264 1268 320 1351 qui
343 1267 500 1332 sustulere
522 1276 663 1331 monstra
684 1266 717 1329 in
739 1264 859 1350 quibus
886 1266 1047 1332 hominem
1069 1266 1215 1333 occidere
1239 1267 1318 1333 reli·

190 1368 410 1458 giosissimum
433 1379 512 1446 erat,
535 1367 644 1433 mandi
666 1390 743 1432 vero
765 1368 861 1432 etiam
885 1368 1140 1434 saluberrimum.

243 1469 287 1534 II.
322 1470 351 1535 5.
387 1469 437 1534 Ut
463 1469 606 1534 narravit
636 1466 813 1547 Osthanes,
846 1471 969 1555 species
996 1471 1066 1535 eius
1095 1471 1204 1557 plures
1232 1480 1366 1535 suntor

190 1571 336 1656 Namque
358 1582 452 1637 etex
474 1594 558 1655 aque
581 1582 613 1636 et
635 1571 780 1657 sphaeris
802 1582 833 1636 et
855 1593 928 1636 aere
952 1583 984 1636 et
1007 1572 1108 1637 stellis
1131 1583 1163 1636 et
1177 1572 1318 1638 lucernis

191 1695 229 1739 ae
250 1673 399 1760 pelvibus
422 1672 651 1757 securibusque
674 1683 706 1738 et
734 1672 842 1736 multis
872 1672 944 1738 aliis
971 1674 1074 1738 modis
1102 1673 1212 1739 diviua
1238 1696 1316 1758 pro-

190 1777 307 1855 mittit,
341 1787 509 1862 praeterea
536 1776 722 1842 umbrarum
748 1775 988 1860 inferorumque
1018 1778 1200 1861 conloquia,
1232 1798 1317 1862 quae

191 1878 297 1943 omnia
323 1887 429 1943 aetate
455 1888 567 1942 nostra
593 1877 743 1963 princeps
765 1876 853 1965 Nero
880 1900 964 1941 vana
986 1876 1130 1962 falsaque
1153 1879 1316 1964 conperit3

190 1979 312 2066 quippe
333 2000 397 2043 non
419 1979 560 2044 citherae
582 1979 761 2065 tragicique
784 1989 897 2044 cantus
925 1978 1026 2044 libido
1056 1980 1102 2046 illi
1123 1981 1225 2046 maior
1245 1981 1317 2058 fuit,

191 2080 320 2146 fortuna
354 2103 462 2144 rerum
494 2064 705 2145 humanarum
736 2103 860 2144 summa
891 2080 1050 2167 gestiente
1083 2083 1116 2145 in
1149 2081 1318 2166 profundis

191 2182 288 2248 animi
314 2181 401 2246 vitiis
408 2206 417 2257 ;
446 2181 649 2267 primumque
675 2183 824 2267 inperare
854 2182 904 2246 dis
931 2183 1112 2269 concupivit
1139 2204 1199 2247 neo
1224 2182 1317 2266 quic-

96 2288 98 2294 ’
190 2306 287 2370 quem
308 2283 497 2372 generosius
520 2283 629 2348 valuit.
662 2282 765 2348 Nemo
787 2283 902 2347 artium
924 2306 1076 2367 umquam
1097 2283 1155 2349 ulli
1176 2282 1317 2350 validius
1334 2297 1364 2340 15

190 2387 284 2462 favit3
315 2385 438 2450 adhoc
460 2407 523 2450 non
545 2408 624 2470 opes
647 2384 677 2449 ei
699 2385 844 2462 defuere,
866 2408 930 2450 non
953 2386 1049 2463 vires,
1077 2409 1140 2452 non
1162 2386 1317 2451 discentis

190 2592 277 2642 foisse.
300 2593 370 2642 Dicit
384 2594 478 2656 potius,
496 2594 533 2642 uti
550 2593 685 2642 dicendum
701 2595 725 2641 ei
740 2592 796 2654 fuit,
816 2594 887 2643 illum
906 2593 1103 2643 celebrationem
1115 2595 1201 2657 palem
1214 2595 1316 2657 quidem

190 2661 297 2716 siluisse,
309 2663 354 2709 sed
365 2664 442 2711 modo
454 2661 481 2710 in
492 2668 601 2724 tempus,
618 2669 709 2724 postea
720 2676 789 2720 vero,
805 2662 842 2710 uti
859 2662 886 2709 in
902 2663 995 2710 talibus
1011 2661 1085 2711 rebus
1096 2662 1149 2710 fieri
1161 2660 1235 2721 solet,
1248 2661 1315 2711 clam

192 2729 316 2791 erupisse,
335 2729 407 2778 cuius
422 2729 458 2777 rei
476 2729 518 2777 vel
534 2743 614 2778 unum
631 2730 719 2789 modo,
736 2731 780 2778 sed
798 2730 974 2790 gravissimum
987 2730 1162 2779 testimonium
1174 2730 1317 2779 invenimus

193 2796 261 2860 apud
274 2795 356 2844 Tacit.
369 2796 453 2845 annul.
467 2802 491 2855 2,
505 2802 550 2846 69:
572 2802 595 2843 et
609 2795 788 2859 reperiebantur
804 2795 843 2857 (in
855 2797 1019 2860 inquisitione
1031 2797 1062 2845 de
1075 2797 1147 2846 obitu
1158 2794 1316 2858 Germanici)

192 2861 241 2911 soie
257 2878 287 2910 oc
300 2861 433 2925 parietibus
448 2870 529 2911 erutae
544 2862 698 2916 humanorum
714 2879 837 2926 corporum
854 2863 978 2926 reiiqtioe,
995 2863 1104 2912 carmina
1116 2871 1139 2912 et
1149 2863 1283 2913 devotiones
1294 2871 1318 2912 et

192 2946 275 2979 nomeu
290 2929 428 2981 Germanici
435 2928 551 2994 plombeis
563 2930 650 2980 tubulis
660 2930 808 2995 insculptum,
824 2932 921 2980 semtesti
930 2931 1019 2980 domes
1030 2948 1060 2980 oc
1072 2933 1126 2980 tube
1137 2930 1208 2981 obliti
1217 2930 1317 2996 alioque

192 2996 320 3060 maleficio,
337 2997 390 3061 quis
406 2997 510 3048 creditur
525 2997 620 3046 animos
636 2999 766 3048 nominebus
777 2998 878 3062 irffernis
888 2999 992 3060 soceri,
1009 3000 1068 3049 coll.
1085 3000 1162 3050 Dion.
1177 2999 1266 3050 Cossio
1284 3001 1317 3050 de

193 3068 281 3116 eadem
294 3080 322 3116 re
333 3066 455 3130 loquente
469 3069 508 3127 57,
523 3072 566 3118 18:
584 3064 651 3115 ὀστᾶ
662 3061 717 3132 γὰρ
730 3064 881 3133 ἀνθρώπων
894 3066 924 3116 ἐν
937 3065 973 3134 τῇ
982 3063 1064 3133 οἰκίᾳ,
1078 3065 1107 3116 ἐν
1121 3056 1139 3134 ἦ
1151 3056 1225 3134 ᾤκει,
1237 3081 1315 3116 ruro-

190 3131 358 3200 ρωρυγμένα
376 3130 421 3182 καὶ
439 3130 552 3196 ἐλασμοὶ
567 3130 730 3195 μολύβδινοι
747 3132 819 3201 ἀράς
834 3150 910 3192 τινας
923 3131 993 3196 μετὰ
1012 3135 1061 3183 τοῦ
1078 3116 1214 3195 irripere<
1230 3131 1316 3184 αὐτοῦ

193 3197 306 3268 ἔχοντες
316 3200 418 3260 ζῶντος
433 3193 475 3251 ἔθ’
487 3199 599 3269 εὑρέθη.
623 3200 653 3251 Iu
670 3211 759 3266 tempus
772 3201 830 3266 (fiir
843 3202 888 3252 den
901 3200 1059 3267 Aspenblicle)
1075 3204 1164 3252 eodem
1177 3219 1253 3253 seusu
1266 3204 1316 3253 usi-

192 3278 274 3320 tatum
287 3278 325 3320 est
337 3271 437 3330 Tacito,
455 3286 478 3319 v.
491 3272 576 3320 annal.
591 3275 666 3330 1,37.
685 3278 708 3331 4,,
723 3278 762 3321 66.
781 3277 805 3332 6,
821 3278 859 3322 ll.
880 3276 919 3330 14,
932 3277 986 3330 20„
1005 3279 1027 3318 et
1042 3286 1102 3320 vero
1119 3287 1165 3334 pro
1182 3277 1205 3318 et
1222 3269 1316 3334 quidem

192 3339 304 3402 positum
325 3353 400 3402 saepe
420 3340 489 3401 apud
509 3339 622 3388 Plinium
641 3339 779 3400 insonitum
806 3354 829 3388 v.
846 3340 879 3388 ad
896 3345 937 3400 35,
954 3344 995 3388 32.
1020 3378 1050 3387 ..
1077 3336 1155 3398 siluit,
1172 3335 1196 3387 δ.
1224 3337 1267 3387 eiii
1282 3346 1316 3399 ut,

195 3397 314 3468 eveop
321 3418 349 3470 φ.
369 3403 413 3467 fiii
424 3413 456 3466 ut,
469 3405 500 3454 R.
524 3403 592 3464 iilud,
604 3408 677 3455 codd.
692 3406 747 3456 Gel.
760 3403 810 3471 βγ.
830 3447 861 3455 -
879 3406 946 3454 socri
953 3405 1094 3469 prodique,
1108 3407 1221 3458 Gronov,
1243 3422 1317 3455 samu

190 3472 340 3536 prodipioeu,
353 3465 452 3523 θΒΤᾶ
464 3471 552 3534 (codd.
562 3471 633 3536 Gel.)
645 3469 673 3535 β.
691 3490 761 3522 sucro
770 3473 917 3537 prodificum
926 3475 960 3524 V.
974 3515 1005 3523 -
1018 3473 1152 3534 celebratio,
1163 3468 1315 3525 OVR'Td.
1416 3522 1420 3529 ,

192 3538 320 3602 celebrato,
337 3543 380 3592 R²
397 3539 483 3602 (codd.
501 3537 571 3600 Get.)
587 3536 616 3602 β.
644 3540 773 3604 polumque
782 3543 818 3604 fit
834 3541 859 3589 iu
875 3549 964 3605 tempus
979 3540 1006 3590 id
1022 3540 1088 3590 licita
1103 3541 1169 3590 socri
1180 3540 1317 3605 prodigiosi

192 3606 327 3667 celebatiq
345 3606 457 3660 Gronov.
484 3609 532 3659 His
548 3609 601 3658 iam
618 3610 736 3658 omnibus
751 3610 894 3673 perscriptis
910 3611 993 3659 inveni
1013 3618 1074 3659 ante
1084 3609 1220 3660 Gelonium
1232 3617 1315 3661 totum

192 3676 278 3730 locum
295 3677 331 3725 ite
347 3677 442 3726 lectum
459 3675 547 3726 fuisse:
571 3675 702 3740 polumque
720 3677 744 3724 in
766 3685 854 3738 tempus
869 3675 936 3725 siluit
952 3676 1018 3726 socri
1031 3676 1166 3742 prodigiosi
1181 3675 1315 3738 celebratio,

193 3746 261 3794 unde
274 3743 432 3795 Gronovium
444 3745 476 3794 od
488 3752 597 3794 veterem
609 3746 745 3794 lectionem
757 3746 861 3794 rediisse
873 3754 987 3809 apparet.

228 3814 242 3874 §
260 3819 300 3862 lu.
324 3809 432 3875 possedit
447 3827 481 3861 sc.
498 3828 540 3862 ars
555 3813 667 3874 magica,
685 3814 722 3861 uti
738 3827 816 3876 supra
832 3811 901 3872 511.
918 3814 950 3863 ad
967 3814 1072 3863 verbum
1090 3812 1233 3877 peragravit
1247 3813 1316 3863 idem

193 3881 333 3929 subiectum
351 3880 521 3944 supplendum
538 3895 592 3930 esse
608 3881 660 3929 ium
677 3880 833 3930 Freinshem.
851 3883 883 3930 ad
895 3880 966 3931 curt.
977 3881 1025 3930 IX.
1039 3885 1062 3943 5,
1075 3887 1115 3931 25.
1128 3882 1263 3931 intellexit.
1283 3921 1316 3930 ..

195 3944 301 4008 quidum,
313 3947 346 3997 V.
364 3987 396 3996 -
420 3946 502 3997 Tiberi
515 3943 638 4009 cassum
657 3950 687 3998 de
700 3948 808 3998 Claudio
827 3949 878 3997 hoc
888 3957 974 3998 namet
985 3948 1055 4000 Suet.
1068 3949 1158 4000 Claud.
1172 3954 1221 4010 25,
1243 3949 1316 4000 cuius

194 4013 246 4063 loci
256 4015 366 4065 fortasse
381 4017 550 4065 meminerunt
560 4016 656 4065 librarii
667 4017 791 4077 codicum,
810 4032 873 4080 quos
893 4015 930 4066 Ti.
945 4013 980 4065 01.
998 4017 1090 4066 habere
1102 4025 1209 4067 testetur
1219 4019 1317 4068 Retro·

195 4081 276 4130 nicus.
296 4123 326 4131 ..
347 4082 533 4146 principetu,V
548 4098 582 4133 ex
599 4085 697 4134 emend.
717 4125 747 4134 ..
772 4083 830 4144 Sed,
846 4088 919 4135 codd.
932 4084 989 4135 (iel.
1015 4082 1078 4148 Ipse,
1091 4086 1175 4135 VRd.
1196 4125 1226 4134 ..
1249 4083 1317 4145 iaec,

194 4149 275 4198 VRd
293 4148 380 4211 (codd.
394 4149 464 4214 Gel.)
489 4149 590 4211 honor.
617 4150 666 4213 hoe,
678 4153 711 4202 K.
731 4191 757 4202 ..
785 4152 882 4214 inerte,
894 4153 941 4202 Rd
956 4150 1041 4214 (codd.
1054 4151 1125 4216 Get.)
1150 4152 1269 4214 murum,
1282 4154 1316 4202 V.

194 4223 280 4278 orum,
291 4233 311 4267 r.
329 4258 361 4267 ..
382 4225 532 4283 transpreseo
544 4226 569 4269 et
578 4228 697 4283 porceto,
709 4221 764 4271 Rd.
791 4227 942 4284 trarupreeeo
957 4229 982 4270 et
996 4219 1109 4284 perlecto,
1121 4221 1155 4270 V.
1183 4222 1317 4285 conspr-es·

194 4299 246 4333 sum
263 4293 290 4335 et
303 4293 445 4349 pervectum
456 4302 476 4336 r.
495 4326 526 4337 ..
551 4286 684 4336 Britumu'u
695 4287 809 4352 hodieque
820 4303 880 4350 mm,
891 4288 967 4339 VRd
984 4285 1070 4348 (oodd.
1083 4286 1154 4350 our.)
1175 4289 1201 4337 io
1212 4288 1318 4339 Briton-
