2918 4800
208 285 271 350 302
562 300 766 346 unaunanrs
788 298 984 346 maronias

184 452 349 532 „remedio
378 441 428 517 est
454 460 486 517 et
513 462 624 517 contra
652 450 814 536 ephemeri
848 462 960 537 potum
993 473 1066 517 cum
1093 448 1225 515 taminia
1257 472 1331 516 uva.

208 554 352 640 Sanguis
374 553 525 640 caprinus
547 554 697 620 decoctus
718 575 791 618 cum
804 553 945 620 medulla
959 562 1070 618 contra
1085 552 1193 618 toxica
1207 575 1333 619 venena

209 657 361 734 sumitur,
394 654 551 721 haedinus
579 665 690 720 contra
714 655 847 738 reliqua.
892 652 1074 743 Coagulum
1099 653 1195 719 haedi
1220 663 1332 720 contra
1348 669 1396 717 rsa

208 759 332 824 viscum
346 767 377 822 et
391 757 647 822 chamaeleonem
661 756 769 822 album
784 756 1039 843 sanguinemque
1059 755 1230 834 taurinum,
1253 777 1326 822 con·

207 871 256 926 tra
276 883 372 944 quern
395 868 428 924 et
446 858 566 945 leporis
589 859 760 947 coagulum
782 867 830 924 est
852 881 894 924 ex
915 867 1016 937 aceto,
1046 867 1158 924 contra
1184 857 1330 943 pastina-

207 985 276 1027 cam
298 983 376 1028 vera
397 972 430 1025 et
450 961 593 1026 omnium
613 959 809 1025 marinorum
830 958 915 1025 ictus
937 959 988 1041 vel
1008 981 1136 1025 morsus
1159 958 1331 1046 coagulum

205 1062 325 1149 leporis
346 1063 397 1128 vcl
417 1060 513 1126 haedi
533 1061 586 1127 vel
606 1061 684 1148 agni
705 1060 874 1127 drachmae
885 1062 1030 1148 pondere
1045 1083 1086 1126 cx
1100 1059 1187 1139 vino,
1208 1060 1330 1146 leporis

206 1163 377 1254 coagulum
399 1172 430 1226 et
451 1172 562 1227 contra
580 1184 704 1228 venena
717 1162 864 1228 additum
879 1163 1039 1228 antidotis.
1061 1150 1186 1248 Papilio
1201 1183 1331 1246 quoque

205 1269 408 1333 lucernarum
428 1262 604 1328 luminibus
625 1263 780 1330 advolans
800 1264 884 1329 inter
905 1264 990 1331 mala
1011 1264 1246 1330 medicamenta
1267 1287 1330 1328 nu·

205 1376 362 1442 meratur3
385 1365 461 1431 huic
481 1365 675 1430 contrarium
694 1377 743 1431 est
762 1365 853 1431 iocur
875 1367 1042 1452 caprinum
1064 1366 1147 1431 sicut
1166 1365 1209 1430 fel
1229 1387 1330 1430 vene·

205 1469 287 1535 ficiis
309 1490 350 1533 ex
370 1467 508 1533 mustela
528 1467 649 1532 rustica
669 1467 771 1533 factis.
793 1466 882 1534 Hinc
896 1468 1012 1534 deinde
1033 1476 1274 1554 praevertemur
1288 1467 1330 1531 ad

205 1592 325 1659 genera
344 1569 540 1635 morborum.
658 1630 660 1634 ,

247 1671 314 1736 ΧΙ.
340 1672 393 1735 46.
424 1668 543 1755 Capilli
565 1669 703 1736 defluvia
724 1671 854 1736 ursinus
876 1670 971 1756 adips
993 1669 1136 1735 admixto
1157 1669 1275 1736 ladano
1296 1678 1330 1734 et
1345 1686 1393 1731 raa

157 1794 160 1800 ·
204 1773 334 1839 adianto
348 1771 489 1838 continet
503 1771 726 1858 alopeciasque
742 1772 889 1838 emendat
910 1783 942 1838 et
962 1770 1127 1838 raritatem
1141 1770 1330 1857 supercilio-

204 1898 277 1940 rum
297 1897 371 1941 cum
390 1873 501 1960 fungis
521 1875 723 1941 lucernarum
748 1897 787 1940 ac
808 1872 945 1962 fuligine
972 1895 1054 1958 quae
1081 1884 1131 1940 est
1156 1873 1191 1938 in
1216 1872 1330 1938 rostris

205 1999 325 2043 earum.
348 1975 513 2062 Porrigini
535 1999 608 2042 curn
630 1976 705 2042 vino
726 1975 879 2062 prodest:
896 1975 938 2040 ad
958 1975 1041 2041 hanc
1063 1985 1096 2039 et
1116 1997 1235 2041 cornus
1258 1997 1329 2040 cer-

204 2079 273 2144 vini
293 2077 374 2145 cinis
395 2100 413 2143 e
434 2078 521 2157 vino,
543 2089 644 2162 utque
665 2100 731 2143 non
752 2077 858 2142 taedia
871 2077 1057 2141 animalium
1078 2077 1202 2162 capillis
1222 2076 1328 2143 incre-

205 2189 295 2244 scant
302 2204 311 2256 3
334 2179 413 2245 item
434 2181 478 2245 fel
500 2179 666 2264 caprinum
688 2200 761 2244 cum
783 2190 872 2244 creta
894 2177 1032 2244 Cimolia
1056 2189 1088 2245 et
1109 2189 1201 2244 aceto
1224 2178 1271 2244 sic
1292 2190 1330 2244 ut

204 2280 338 2365 paulurn
359 2279 458 2365 capiti
479 2281 669 2357 inarescant,
691 2279 769 2346 item
791 2279 835 2346 fel
857 2280 1040 2358 scrofinum,
1061 2279 1187 2345 urinam
1203 2279 1255 2345 cui
1270 2281 1328 2344 ad-

204 2381 340 2449 miscent
361 2381 463 2459 tauri3
494 2381 522 2446 si
543 2404 619 2448 vero
640 2392 733 2448 vetus
755 2382 807 2460 sit,
836 2382 976 2447 furfures
997 2381 1093 2447 etiam
1114 2381 1240 2448 adiecto
1262 2381 1329 2447 sul-

204 2481 308 2568 phure
330 2481 487 2546 emendat.
511 2480 628 2547 Cinere
643 2482 792 2570 genitalis
806 2482 889 2548 asini
903 2483 1037 2568 spissari
1052 2483 1202 2568 capillum
1216 2491 1330 2570 putant
1344 2496 1393 2541 164

206 2593 238 2648 et
258 2605 279 2648 a
300 2582 416 2648 canitie
438 2583 605 2663 vindicari,
628 2585 656 2649 si
676 2585 758 2650 rasis
771 2585 923 2650 inlinatur
937 2584 1132 2671 plumboque
1147 2584 1241 2650 tritus
1255 2607 1329 2650 eum

205 2686 296 2763 oleo,
320 2685 449 2750 densari
472 2697 504 2752 et
525 2685 640 2752 asinini
661 2686 742 2774 pulli
763 2709 837 2752 cum
858 2687 969 2765 urina3
992 2687 1171 2753 admiscent
1192 2686 1329 2752 nardum

240 2856 363 2922 ephemeri,
378 2853 517 2910 OVRTd.
536 2859 688 2925 ephemeron,
701 2855 730 2921 β,
744 2901 776 2910 ..
794 2868 816 2909 et
827 2869 921 2924 contra3
933 2876 981 2925 pro
994 2861 1035 2911 hia
1046 2876 1087 2910 vv.
1099 2861 1195 2911 habent
1206 2876 1233 2910 eo
1244 2867 1327 2914 matra

206 2926 293 2977 VRd.
313 2968 344 2975 -
363 2943 415 2975 cum
428 2927 535 2991 taminia,
549 2930 603 2979 Rd.
621 2928 774 2989 contaminio,
785 2930 819 2978 V.
838 2936 921 2977 canoa
931 2927 1007 2977 nimia
1018 2927 1082 2990 aina,
1093 2945 1113 2979 r.

239 3012 324 3074 §lon
346 3009 474 3076 Conpulum
490 3010 665 3062 haedi-ictus
681 3010 718 3061 vel
733 3028 831 3074 morsus,
849 3029 899 3063 om.
917 3015 950 3064 R.
975 3053 1006 3062 ..
1032 3011 1226 3073 chamaeleonem,
1247 3006 1328 3062 OVd.

206 3076 410 3141 chamaeleontem,
422 3074 451 3141 β.
469 3088 552 3130 contra
563 3079 745 3129 chamaeleontis
756 3078 913 3142 albiniana,
924 3081 957 3131 K.
970 3122 1001 3131 -
1021 3087 1056 3129 est
1067 3097 1104 3142 ex,
1120 3075 1233 3130 OV'l'd.
1251 3095 1287 3141 ea,
1299 3075 1328 3138 β.

207 3185 239 3194 -
257 3144 380 3210 caupulum
391 3155 482 3208 contra,
494 3165 514 3198 r.
534 3190 565 3198 ..
587 3147 703 3209 additum,
716 3149 791 3199 Vdr.
808 3147 913 3210 additur,
926 3145 1005 3213 Ββγ.
1025 3189 1056 3198 ..
1079 3148 1152 3209 iocur,
1165 3146 1328 3213 R(ubique).

206 3211 396 3279 iecur,Vdss7.
419 3257 451 3266 ..
466 3215 515 3280 sel,
532 3219 602 3266 R²d.
621 3217 797 3268 OmittVR'.
822 3259 853 3267 ..
877 3216 993 3279 veneficae,
1006 3218 1040 3267 V.
1059 3258 1090 3267 .-
1115 3213 1232 3278 mustella,
1244 3216 1277 3266 V.
1296 3257 1328 3264 -

205 3289 389 3345 praevertemur,
403 3284 465 3335 VR.
483 3292 632 3343 revertemur,
644 3279 717 3349 ᾶβγ.

240 3378 255 3439 ξ
269 3382 326 3426 163.
344 3375 423 3441 adips,
435 3377 467 3426 R.
486 3374 567 3441 adeps,
578 3373 681 3440 Vdssr.
701 3419 733 3427 ..
750 3375 834 3439 mixtu,
846 3379 880 3428 V.
899 3418 931 3427 ..
949 3375 1071 3439 adianthc,
1083 3379 1146 3429 VR..
1165 3419 1198 3427 ..
1207 3376 1280 3441 sapia
1293 3375 1328 3426 la-

206 3458 337 3504 cernarum,
349 3445 384 3494 V.
403 3486 435 3495 -
452 3444 583 3510 Porripr'ni,
595 3446 702 3495 Barbar.
720 3444 879 3508 Porrimam,
891 3447 984 3497 V¹R².
1001 3444 1162 3509 Farraginem,
1175 3446 1220 3495 12¹.
1243 3444 1329 3494 Pruri-

204 3510 290 3576 pinara,
307 3513 379 3562 V2d.
404 3553 434 3562 .-
462 3528 542 3574 cornu,
560 3515 583 3562 d.
609 3553 640 3562 ..
667 3512 806 3573 increscant,
825 3508 976 3566 &vatter
996 3511 1083 3576 (codd.
1099 3511 1224 3576 Barbari).
1247 3511 1329 3560 inhae-

206 3587 308 3641 rescunt,
319 3576 348 3641 β.
367 3621 399 3629 ..
418 3588 477 3640 ceta,
489 3581 523 3630 V.
541 3622 573 3630 ..
591 3580 627 3629 sic
638 3588 672 3641 ut,
683 3583 715 3632 R.
733 3581 811 3641 nenti,
823 3582 908 3632 VTd.
923 3621 954 3632 ..
968 3579 1076 3646 paulum,
1093 3576 1250 3631 Ova'ror.
1266 3596 1328 3643 pau-

208 3645 288 3707 lulum,
301 3642 331 3708 β.
351 3689 381 3696 -
405 3647 486 3710 capiti,
499 3649 582 3698 VTd.
601 3656 680 3711 capta,
692 3650 724 3699 R.
747 3647 836 3712 capilli,
848 3645 878 3710 β.
896 3690 928 3699 -
951 3649 1084 3712 carminum,
1100 3641 1237 3699 OVRTd.
1255 3646 1328 3697 hirci-

206 3730 269 3776 num,
285 3711 314 3776 β.
338 3757 369 3764 -
392 3715 486 3764 ura'nam
504 3716 542 3764 cui
558 3714 694 3777 admhceut,
712 3718 749 3767 ita
764 3733 810 3767 nos
827 3719 979 3782 scripsimus.
1003 3716 1075 3766 urina
1090 3716 1130 3766 eui
1144 3714 1281 3777 admisceat,
1300 3710 1328 3764 θ.

207 3780 286 3844 urina,
299 3783 385 3833 VRd.
403 3799 454 3832 cum
466 3783 545 3845 urina,
557 3778 608 3848 βγ.
627 3825 658 3833 ..
669 3784 784 3847 furfurea
795 3784 874 3848 etiam,
886 3787 972 3837 VRd.
990 3793 1013 3833 ct
1019 3785 1142 3849 furfurea,
1155 3801 1175 3834 r.
1194 3783 1328 3847 ctiamsur-

199 3849 279 3912 sura
291 3844 342 3913 fir·

241 3941 256 4001 §
271 3948 327 3992 164.
347 3944 418 4005 asini,
430 3945 515 3994 VRd.
533 3944 631 4006 arinini,
642 3940 694 4010 βγ.
712 3987 744 3996 -
763 3953 786 3994 et
797 3963 820 4006 a,
837 3939 865 3996 θ.
884 3942 1029 4008 ete,Vdss.
1048 3955 1118 4008 etea,
1131 3948 1207 3996 R...
1225 3945 1330 3994 canitiae

207 4009 347 4069 vindicaris,
359 4013 393 4061 V.
413 4054 444 4062 -
463 4011 593 4071 illinantur,
606 4016 630 4063 d.
649 4055 680 4062 ..
697 4012 791 4077 plumbo
803 4013 879 4076 tritus,
891 4014 925 4063 K.
938 4056 970 4064 -
985 4012 1050 4078 pulli
1059 4014 1132 4064 urina
1143 4015 1183 4063 cui
1193 4012 1328 4071 admiscent,

207 4079 241 4127 K.
261 4119 292 4127 ..
311 4078 449 4141 admiscent,
461 4081 544 4130 VRd.
562 4078 743 4144 admiscentque,
755 4076 806 4146 βγ.
826 4123 856 4130 -
876 4083 998 4146 tepefacto,
1011 4084 1057 4133 K'.
1077 4083 1213 4147 tepefactus,
1226 4083 1277 4132 K2.
1298 4123 1328 4129 -

210 4143 304 4210 Capitis
315 4145 403 4210 ulcera,
415 4148 450 4198 V.
472 4146 561 4197 Ulcera
571 4146 664 4212 capitia,
676 4150 729 4200 Ra.
740 4190 770 4199 -
782 4158 804 4198 et
815 4158 874 4200 ante
885 4148 1042 4219 sulphurem.
1052 4151 1085 4202 K.
1101 4191 1132 4200 ..
1149 4158 1234 4212 tamen,
1244 4149 1328 4199 VRd.

209 4221 286 4264 tamea
298 4222 329 4276 et,
340 4210 391 4280 βγ.
410 4257 441 4265 -
459 4214 529 4280 qnod,
541 4218 575 4267 V.
595 4258 625 4266 ..
644 4215 768 4281 calefacto,
779 4218 841 4269 VR
859 4215 970 4282 calfacta,
982 4221 1029 4282 dr.
1048 4259 1080 4268 -
1098 4216 1182 4279 linder,
1195 4219 1228 4268 V.

1043 4493 1053 4505 ‘
1158 4494 1176 4530 Κ
