2918 4800
206 304 266 368 156
557 319 762 375 urrunsars
785 320 980 367 ursroaran
1031 364 1033 368 ,

204 497 288 558 aqua
309 472 432 537 marina
453 483 514 537 aut
531 473 616 537 salsa
636 473 798 548 lavantur;
828 472 994 537 decoctum
1021 471 1077 536 diu
1100 473 1273 537 tenendum
1294 473 1328 537 in

203 598 268 640 ore.
303 574 444 656 Quidam
466 574 571 641 cinere
594 573 793 659 quinquefoli
815 573 927 652 fricare
949 574 1082 638 malunt.
1116 573 1159 637 Et
1181 573 1328 645 verbasci

202 677 296 741 radix
323 674 513 759 decoquitur
538 674 571 738 in
601 673 677 738 vino
704 674 746 737 ad
773 675 967 739 conluendos
995 673 1118 752 dentis,
1148 685 1180 740 et
1201 674 1327 762 hysopo

203 778 395 843 conluuntur
417 787 448 842 et
469 775 646 863 peucedani
669 797 747 840 suco
770 797 842 840 cum
864 776 1008 842 meconio
1022 777 1075 841 vel
1089 776 1234 842 radicum
1249 800 1327 840 ana-

202 879 329 967 gallidis
344 879 449 967 magis
464 877 601 943 feminae
621 898 698 941 suco
713 876 754 942 ab
769 878 872 941 altera
885 900 962 943 nare
977 900 1074 963 quam
1089 879 1197 943 doleat
1211 878 1328 943 infirso.

247 981 317 1043 106.
340 979 501 1068 Erigeron
522 1001 541 1043 a
562 976 681 1042 nostris
703 989 837 1042 vocatur
859 979 1004 1057 seneci03
1026 978 1109 1044 hanc
1125 978 1153 1043 si
1167 980 1251 1044 ferro
1267 979 1329 1044 cir·
1344 993 1391 1041 1⁶7

203 1080 429 1165 cumscriptam
451 1080 584 1145 effodiat
605 1078 720 1163 aliquis
743 1088 917 1165 tangatque
940 1080 1123 1171 eadentem
1145 1089 1178 1145 et
1198 1079 1330 1145 alternis

204 1193 253 1247 ter
275 1182 413 1267 despuat
434 1203 473 1246 ac
493 1191 628 1266 reponat
649 1179 682 1243 in
698 1180 836 1245 eundem
856 1181 961 1246 locum
984 1182 1031 1247 ita
1051 1192 1088 1246 ut
1109 1182 1196 1246 vivat
1218 1182 1328 1265 herba,

205 1282 296 1349 aiunt
317 1283 445 1348 dentem
468 1305 542 1347 eum
556 1291 670 1368 postea
683 1304 747 1346 non
762 1282 945 1348 doliturum.
969 1284 1083 1349 Herba
1097 1294 1146 1348 est
1160 1283 1329 1370 trixaginis

205 1385 311 1469 speeie
327 1395 358 1449 et
372 1384 515 1463 mollitia,
539 1382 704 1448 cauliculis
720 1383 984 1460 subrubicundis3
1006 1385 1150 1450 nascitur
1163 1385 1196 1449 in
1212 1384 1330 1473 tegulis

205 1498 237 1550 et
256 1485 290 1548 in
305 1488 405 1550 muris
411 1510 420 1562 ;
442 1486 503 1551 hoc
524 1507 640 1549 nomen
657 1482 775 1550 Graeci
793 1486 961 1566 dederunt,
980 1486 1061 1571 quia
1081 1509 1157 1552 vere
1180 1486 1330 1552 canescit.

205 1586 314 1674 Caput
341 1588 411 1654 eius
439 1609 611 1653 numerosa
638 1587 793 1653 dividitur
819 1588 981 1674 lanugine,
1011 1588 1114 1673 qualis
1137 1600 1186 1654 est
1209 1589 1328 1675 spinae,
1345 1602 1392 1648 168

203 1688 287 1753 inter
316 1690 476 1754 divisuras
504 1699 659 1767 exeunte,
688 1711 787 1774 quare
817 1687 1032 1755 Callimachus
1062 1714 1132 1756 eam
1161 1691 1331 1756 acanthida

206 1791 393 1876 appellavit,
416 1791 471 1855 alii
491 1813 646 1877 pappum.
679 1789 749 1856 Nec
771 1790 888 1857 deinde
910 1789 1045 1857 Graecis
1068 1792 1108 1858 de
1130 1815 1168 1857 ea
1189 1803 1328 1870 constat3

205 1891 258 1956 alii
287 1915 401 1959 erucae
430 1891 515 1958 foliis
542 1914 614 1958 esse
643 1892 809 1971 dixerunt,
838 1893 892 1957 alii
918 1894 1043 1978 roboris
1070 1892 1127 1967 sed
1153 1892 1329 1958 minoribus

204 1994 314 2071 multo,
337 1993 444 2060 radice
467 1994 520 2058 alii
536 2016 746 2079 supervacua,
769 1993 823 2073 alii
838 1995 946 2060 nervis
961 1995 1041 2073 utili,
1065 1994 1118 2059 alii
1133 2004 1210 2080 potu
1226 2002 1328 2058 stran-

203 2096 345 2180 gulante.
382 2095 412 2159 E
435 2095 562 2161 diverso
585 2095 715 2180 quidam
735 2096 825 2182 regio
847 2097 958 2163 morbo
980 2119 1053 2160 cum
1074 2097 1148 2161 vino
1171 2093 1329 2160 dederunt

204 2206 236 2259 et
258 2209 368 2261 contra
390 2196 497 2261 omnia
517 2197 645 2262 vesicae
660 2195 747 2274 vitia,
770 2197 849 2261 item
864 2198 970 2262 cordis
986 2207 1019 2262 et
1032 2196 1181 2262 iocineris
1188 2221 1197 2274 3
1222 2209 1329 2260 extra-

177 2366 182 2375 ,
203 2295 279 2362 here
293 2297 426 2363 renibus
440 2298 592 2363 harenam
607 2298 726 2362 dixere.
750 2296 941 2363 Ischiadieis
956 2298 1143 2363 drachmam
1157 2320 1229 2362 cum
1245 2320 1327 2381 oxy·
1346 2309 1392 2354 169

203 2398 310 2463 melite
332 2398 372 2462 ab
398 2399 615 2463 ambulatione
636 2397 859 2484 propinarem,
881 2400 1071 2465 torminibus
1093 2422 1220 2485 quoque
1242 2409 1275 2463 et
1294 2399 1329 2463 in

203 2520 300 2582 passo
323 2498 538 2577 utilissimam,
560 2499 758 2585 praecordiis
781 2501 876 2565 etiam
898 2500 970 2567 cibo
985 2524 1026 2567 ex
1040 2513 1133 2567 aceto
1148 2523 1219 2566 eam
1233 2520 1328 2585 prae·
1423 2492 1429 2507 ‘

204 2599 348 2665 dicantes
371 2611 573 2684 serentesque
595 2600 628 2664 in
650 2600 760 2666 hortis.
796 2601 866 2668 Nec
892 2603 1023 2668 defuere
1051 2603 1107 2689 qui
1134 2611 1166 2667 et
1192 2601 1330 2665 alterum

203 2724 307 2788 genus
334 2703 475 2767 facerent
502 2725 563 2766 nec
589 2704 684 2785 quale
711 2714 796 2768 esset
823 2704 1094 2781 demonstrarent,
1123 2713 1235 2769 contra
1261 2723 1329 2766 ser-

204 2801 310 2887 pentis
337 2801 371 2866 in
397 2825 480 2887 aqua
507 2801 679 2867 bibendam
707 2804 928 2889 edendamque
956 2804 1171 2871 comitialibus
1197 2802 1329 2879 dantes3

238 2938 305 2988 salsa
321 2938 475 2998 laurentiana.
493 2939 559 2990 salsa
571 2940 674 3000 lavatur,
686 2942 740 2991 Vd.
763 2941 945 3003 salsalsaoamr,
958 2945 989 2994 R.
1002 2986 1034 2995 ..
1053 2943 1102 3005 diu,
1114 2959 1164 2994 ona
1178 2959 1200 2993 a
1220 2983 1251 2991 ..
1270 2939 1330 2990 mal·

205 3005 310 3125 lvaqqdv.
331 3049 361 3056 -
380 3007 551 3124 lhysipaVR.
574 3050 605 3058 ..
627 3007 759 3071 coluualur,
769 3012 804 3061 V.
824 3053 854 3060 -
874 3011 1025 3075 peucedanlr,
1041 3013 1104 3062 VR.
1124 3052 1155 3062 ..
1178 3007 1331 3070 aaaeallidis,

286 3110 291 3125 .
311 3116 342 3125 -
362 3084 446 3136 atero,
457 3078 489 3128 T.

239 3145 253 3207 ξ
269 3147 324 3193 167.
342 3141 470 3208 Eriperon,
482 3148 542 3195 adr.
561 3144 687 3210 Fliyerom
699 3146 760 3197 VR.
780 3145 898 3197 Ceterum
910 3164 933 3196 v.
945 3150 1063 3198 Dioscor.
1077 3153 1101 3207 4,
1111 3149 1152 3196 97.
1166 3188 1197 3196 ..
1210 3163 1226 3195 a
1237 3144 1332 3205 nostrie,

205 3211 310 3261 VRad.
329 3227 346 3259 a
362 3211 462 3262 Graecis
475 3212 669 3276 macomeria,
681 3229 701 3263 r.
725 3255 754 3264 ..
780 3217 959 3275 vocamevss.
985 3257 1015 3266 ..
1044 3212 1135 3275 eiad:
1148 3214 1280 3276 sinqvu.
1300 3253 1330 3263 ..

205 3277 392 3342 circumscripta,
401 3281 464 3330 VR.
479 3323 510 3330 ..
523 3296 552 3328 ea
564 3279 653 3329 dantem
666 3282 784 3341 et,VIla.
803 3281 884 3331 eadem
898 3291 972 3344 temet,
983 3287 1007 3334 d.
1026 3298 1056 3330 aa
1068 3291 1103 3330 ter
1115 3281 1214 3341 dentem,
1227 3281 1332 3332 Cornan

186 3350 190 3353 ’
206 3361 239 3396 ex
250 3349 339 3396 Macro
354 3353 427 3398 1685.
440 3354 481 3398 86.
501 3390 532 3397 ..
551 3356 580 3406 et,
593 3351 637 3398 ad.
656 3356 702 3409 eta,
714 3351 749 3400 V.
761 3366 811 3410 aaa,
824 3353 855 3401 R.
875 3392 906 3400 ..
925 3349 1015 3414 demut,
1028 3350 1060 3399 R.
1080 3390 1111 3399 ..
1129 3349 1287 3408 itautviaat,
1299 3350 1333 3397 V.

207 3413 239 3462 ite
250 3422 275 3462 ut
287 3413 360 3476 vivat,
373 3417 404 3465 R.
428 3414 482 3464 item
495 3424 520 3464 ut
532 3416 605 3477 vivat,
618 3419 642 3467 d.
660 3415 714 3464 item
726 3426 752 3465 ut
763 3418 835 3478 bibat,
848 3434 870 3468 a.
890 3461 921 3468 ..
940 3417 1045 3479 herbam,
1058 3418 1092 3467 V.
1112 3423 1147 3467 ..'
1162 3415 1286 3482 trixapiai
1298 3417 1333 3465 V.

208 3480 239 3530 ’-
258 3481 344 3544 speeie,
356 3481 440 3544 mollis,
452 3483 484 3532 K.
499 3525 529 3532 ..
548 3481 661 3542 caecubis,
673 3485 707 3534 V.
727 3527 757 3534 ..
776 3486 882 3535 amciter
893 3485 926 3546 ia,
938 3487 1090 3537 VRTadr.
1109 3484 1214 3534 nascitur
1226 3492 1249 3532 et
1260 3478 1332 3545 impl.

208 3589 239 3598 ..
259 3549 337 3608 moris,
349 3551 413 3600 VR.
433 3591 464 3599 ..
482 3549 525 3598 hoc
542 3567 631 3612 nomen,
643 3552 705 3602 VR.
726 3559 812 3601 'nomen
824 3553 873 3613 hoc,
886 3549 978 3618 adssr.
999 3594 1028 3603 ..
1048 3552 1153 3601 canescit
1164 3560 1236 3616 caput
1247 3552 1297 3600 eius
1312 3559 1335 3599 et

207 3632 340 3677 numerosa,
353 3618 501 3668 Schneider.
514 3621 546 3668 ad
558 3620 689 3682 Theophr.
702 3621 761 3669 hist.
775 3621 855 3683 plant.
868 3622 929 3671 VII.
944 3627 966 3683 7,
981 3629 1004 3671 4.
1016 3638 1041 3684 p.
1055 3627 1112 3671 602.

243 3686 328 3746 §loa
352 3700 483 3746 numerosa,
497 3703 520 3735 a.
539 3702 668 3747 rainerum,
684 3687 771 3737 VRd.
796 3729 827 3737 ..
853 3687 1013 3738 Callimachus
1030 3704 1090 3748 eam,
1103 3690 1148 3737 ad.
1169 3684 1335 3738 Callimachus

208 3766 268 3808 eam,
281 3752 313 3800 R.
330 3750 431 3816 palliam
443 3752 500 3801 chus
511 3769 571 3814 eam,
584 3754 618 3804 V.
641 3769 694 3802 eam
709 3752 875 3818 Callimachus,
888 3752 938 3822 βγ.
965 3798 995 3806 -
1017 3755 1156 3820 appellavit,
1167 3751 1271 3805 VRad.
1291 3769 1335 3817 ap·

205 3816 290 3880 pellat,
302 3815 354 3883 βγ.
374 3861 404 3869 ..
421 3819 557 3884 pappodem
569 3822 602 3872 K.
615 3863 647 3871 ..
666 3819 709 3870 sed
719 3822 857 3886 minoritam
874 3841 921 3887 pro
934 3826 974 3875 his
986 3841 1026 3873 vv.
1040 3825 1134 3874 hahent
1146 3822 1238 3872 minora
1250 3824 1335 3882 VRd,

209 3885 302 3933 minora
319 3887 429 3936 amiaora
446 3905 468 3938 a.
491 3890 558 3938 Plin.
581 3888 709 3938 minoribus
726 3898 803 3938 tamen
821 3889 891 3940 inulto
907 3894 1006 3942 videtur
1026 3894 1163 3956 scripsisse,
1192 3894 1260 3954 quod
1277 3905 1334 3939 cum

209 3963 342 4003 exaratum
358 3955 448 4006 fuisset
463 3955 573 4019 minorih·
591 3961 638 4005 tam
650 3957 729 4018 multo,
748 3967 837 4022 postea
849 3960 875 4008 in
887 3960 979 4009 minora
990 3959 1063 4008 multo
1079 3971 1117 4010 est
1129 3967 1284 4023 corruptum.
1304 3998 1335 4007 ..

210 4018 265 4067 utili
275 4019 327 4080 alii,
340 4025 412 4072 Rad.
431 4022 506 4084 utilia,
518 4026 553 4086 V,
572 4027 614 4075 uhi
626 4024 655 4074 lii
665 4040 764 4076 erasum
776 4029 881 4078 videtur.
902 4069 932 4076 -
950 4026 1051 4091 quidem,
1064 4044 1086 4077 a.
1107 4068 1137 4077 -
1162 4025 1288 4075 extrahere
1298 4040 1336 4074 ra-

210 4086 286 4147 nihm,
296 4089 403 4139 VRad.
422 4092 517 4141 renibus
529 4091 660 4154 extrahere,
671 4089 723 4158 βγ.

245 4154 260 4214 ἓ
275 4161 331 4205 169.
353 4158 516 4220 propriaram,
529 4178 551 4210 a.
572 4201 600 4210 ..
624 4169 647 4208 at
663 4161 688 4209 in
700 4178 782 4224 passo,
802 4155 919 4213 OVRT.
937 4164 962 4211 in
975 4179 1056 4227 passo,
1074 4158 1168 4226 adfir.
1186 4160 1222 4210 Et
1237 4163 1253 4212 i.
1272 4177 1293 4210 e.
1311 4169 1337 4210 et

212 4225 321 4286 quidem,
338 4240 362 4272 ν.
376 4227 461 4286 ad35,
474 4233 515 4277 ³2.
541 4269 571 4276 -
595 4236 748 4292 serentesque,
764 4247 786 4280 a.
810 4237 920 4292 serentes,
937 4233 960 4280 d.
982 4238 1108 4294 serpentes,
1125 4231 1159 4280 V.
1178 4231 1235 4280 Om.
1254 4231 1285 4279 R.
1306 4269 1335 4277 -

212 4289 283 4352 quale
294 4299 360 4352 esset,
372 4307 395 4341 a.
413 4293 491 4355 qualis
503 4303 568 4354 esset,
582 4297 606 4345 d.
625 4294 718 4358 qualem
730 4305 813 4358 meant,
826 4300 887 4349 VR.
913 4339 941 4347 -
966 4296 1160 4367 machamim,
1176 4290 1336 4348 OVRTad.
