2918 4800
192 239 255 304 328
344 296 349 306 ,
473 280 477 289 1
546 253 751 300 strumus
772 253 969 299 nrsroama

193 416 356 471 veteratus
379 425 419 469 ex
440 427 524 489 aqua
544 404 654 469 inlitus
675 404 823 468 mammis
845 402 1074 469 abundantiam
1095 403 1182 482 facit,
1206 404 1314 471 volvas

195 508 307 573 suffitu
329 507 469 593 corrigit.
492 505 647 592 Ungulae
669 505 813 570 asininae
837 505 955 570 suffitio
977 515 1106 590 partum
1120 516 1261 570 maturat
1279 517 1316 568 ut

195 610 247 676 vel
262 610 393 675 abortus
409 621 570 686 evocetur,
593 631 653 673 nec
668 607 761 673 aliter
774 606 975 683 adhibeatur,
992 607 1142 690 quoniam
1156 606 1316 671 viventem

196 723 325 797 partum
347 722 450 776 necat.
472 709 630 775 Eiusdem
653 709 800 774 animalis
821 709 931 773 fimum
954 709 981 774 si
1003 731 1113 775 recens
1134 709 1316 795 inponatur,

195 813 354 900 profluvia
382 810 548 900 sanguinis
577 811 658 875 mire
687 812 800 876 sedare
827 811 962 889 dicitur,
1002 834 1062 876 nec
1089 833 1154 876 non
1180 822 1213 875 et
1238 810 1317 875 cinis

196 915 340 980 eiusdem
361 914 439 992 fimi,
469 915 524 998 qui
553 923 584 978 et
611 913 724 978 volvae
746 913 879 997 prodest
900 913 1069 998 inpositus.
1097 912 1183 996 Equi
1205 934 1318 998 spuma
1332 928 1382 972 252

194 1017 287 1081 inlita
316 1038 373 1101 per
400 1015 469 1080 dies
499 1038 541 1077 xa
567 1014 657 1100 prius
685 1037 781 1099 quam
808 1015 948 1100 primum
976 1025 1149 1079 nascantur
1176 1012 1233 1098 pili
1266 1034 1317 1076 re-

197 1119 392 1205 stinguntur,
420 1117 498 1181 item
521 1139 637 1182 cornus
660 1116 781 1181 cervini
803 1116 944 1192 decocto,
967 1116 1096 1194 melius,
1130 1116 1157 1179 si
1179 1113 1320 1179 recentia

197 1221 261 1285 sint
283 1241 411 1283 cornua.
444 1217 546 1282 Lacte
575 1219 692 1301 equino
720 1218 871 1282 iuvantur
893 1217 1006 1283 volvae
1033 1217 1188 1282 conlutae.
1222 1212 1320 1296 Quod

199 1323 226 1386 si
247 1331 392 1386 mortuus
414 1330 527 1404 partus
543 1320 709 1396 sentiatur,
731 1318 837 1384 lichen
852 1341 892 1382 ex
907 1341 992 1403 aqua
1005 1318 1092 1383 dulci
1107 1329 1219 1404 epotus
1233 1317 1319 1396 eicit,

197 1422 275 1486 item
302 1422 424 1510 ungula
452 1421 563 1485 suffitu
590 1431 646 1485 aut
667 1421 777 1485 fimum
806 1421 942 1485 aridum.
974 1419 1097 1485 Volvas
1126 1418 1321 1506 procidentis

198 1525 353 1608 butyrum
373 1523 517 1587 infusum
541 1523 641 1601 sistit3
669 1523 850 1588 induratam
873 1523 998 1589 volvam
1025 1523 1130 1608 aperit
1150 1521 1195 1586 fel
1214 1521 1321 1587 bubu-

198 1626 265 1690 lum
287 1646 419 1689 rosaceo
441 1624 599 1702 admixto,
625 1624 702 1690 foris
728 1624 846 1690 vellere
874 1647 947 1689 cum
973 1624 1082 1689 resina
1109 1622 1322 1689 terebinthina
1346 1696 1350 1701 ,

198 1712 354 1809 inposito.¹
379 1725 483 1791 Aiunt
504 1739 536 1791 et
558 1725 668 1791 suffitu
688 1726 756 1790 fimi
778 1749 796 1791 e
817 1748 905 1790 mare
926 1726 1009 1791 bove
1031 1725 1227 1810 procidentis
1252 1724 1321 1789 vol·
1336 1741 1387 1785 aaa

200 1849 258 1890 vas
279 1826 426 1912 reprimi,
454 1838 567 1913 partus
594 1828 761 1906 adiuvari,
785 1837 960 1913 conceptus
986 1850 1063 1893 vero
1089 1827 1211 1893 vaccini
1231 1826 1323 1891 lactis

200 1939 289 2014 potu.
320 1925 526 1994 sterilitatem
548 1940 697 2015 apertus
719 1929 889 1994 vexatione
911 1927 982 1993 fieri
1005 1940 1127 1994 certum
1154 1938 1217 2005 est3
1241 1928 1323 1993 hanc

202 2031 366 2096 emendari
388 2028 560 2117 Olympias
582 2029 739 2096 Thebana
760 2030 908 2095 adfirmat
928 2029 1002 2095 felle
1025 2031 1151 2095 taurino
1174 2042 1207 2096 et
1228 2028 1324 2115 adipe

204 2132 400 2218 serpentium
422 2143 456 2197 et
478 2133 631 2218 aerugine
653 2156 691 2197 ac
712 2132 816 2210 melle,
838 2131 1007 2197 medicatis
1028 2132 1107 2197 locis
1122 2143 1197 2197 ante
1211 2131 1325 2197 coitus.

202 2233 384 2299 Vitulinum
405 2255 532 2318 quoque
552 2233 597 2300 fel
622 2234 657 2298 in
678 2234 924 2320 purgationibus
946 2232 1006 2299 sub
1029 2234 1115 2298 coitu
1136 2233 1325 2320 adspersum

203 2335 315 2401 volvae
343 2335 437 2400 etiam
464 2336 614 2400 duritiam
641 2336 762 2400 ventris
792 2335 911 2400 emollit
938 2347 971 2400 et
996 2335 1190 2420 profluvium
1211 2332 1327 2397 minuit

203 2435 353 2501 umbilico
380 2447 535 2521 peruncto
563 2449 659 2520 atque
689 2437 723 2501 in
751 2449 852 2503 totum
874 2432 989 2503 volvae
1015 2438 1157 2522 prodest.
1188 2435 1328 2500 Modum
1341 2449 1391 2493 254

206 2547 351 2601 statuunt
373 2537 457 2602 fellis
479 2537 620 2622 pondere
643 2538 754 2603 denari
776 2539 831 2625 opi
852 2538 978 2603 tertiam
1004 2538 1147 2603 admixto
1169 2536 1326 2620 amygda-

204 2637 268 2702 lino
296 2637 366 2702 oleo
395 2651 553 2723 quantum
580 2663 650 2705 esse
681 2640 760 2705 satis
787 2640 960 2724 adpareat3
989 2640 1071 2704 haec
1097 2640 1132 2703 in
1146 2638 1262 2704 vellere
1276 2636 1327 2701 in·

239 2809 328 2874 inlitus,
341 2815 364 2863 d.
387 2811 464 2874 inlitu,
475 2816 509 2865 V.
528 2814 604 2878 inlitu,
616 2818 648 2867 R.
668 2857 698 2864 -
722 2814 894 2864 abundantiam
907 2813 976 2863 tacta
984 2813 1059 2877 fucit,
1072 2815 1163 2864 Dalec.
1184 2852 1213 2862 ..
1236 2811 1329 2869 aurae,

205 2881 250 2930 R¹.
268 2921 300 2930 ..
323 2877 423 2943 suffitio,
439 2875 528 2934 UVT.
550 2883 655 2948 suffitae,
671 2878 772 2946 der.
791 2923 822 2931 .-
847 2891 941 2946 partus.
957 2876 985 2930 Θ.
1009 2923 1040 2932 ..
1063 2888 1176 2942 maturat,
1189 2874 1329 2929 OVRTd.

205 2944 395 3013 maturantssr.
411 2973 446 2999 ·..
464 2948 613 3014 adhibeatur,
629 2944 656 3000 θ,
681 2948 813 3012 adhibetur,
826 2952 878 3000 Td.
906 2944 1177 3012 adluanturNRssr.
1196 2989 1227 2997 -
1250 2946 1330 2995 riben-

207 3016 317 3076 tem,V¹.
336 3057 368 3065 -
390 3025 466 3080 necet,
479 3019 532 3069 Τὰ.
555 3014 768 3083 nerentvllflr.
788 3059 819 3067 ..
842 3018 871 3080 si,
888 3021 994 3070 omit‘¹
1015 3058 1046 3066 -
1068 3015 1148 3078 uulua,
1159 3017 1193 3066 V.
1213 3054 1243 3063 -
1261 3014 1330 3077 iupo-

205 3082 262 3146 siru,
273 3085 298 3134 R
310 3098 344 3132 ex
356 3098 419 3136 corr.
744 3134 747 3135 γ

239 3154 329 3216 5252.
352 3151 415 3215 XL,
431 3146 589 3205 Ouarar.
616 3154 684 3216 XX,
701 3149 730 3215 β.
750 3195 781 3203 -
802 3152 907 3217 primum
923 3159 1062 3214 narrantur,
1073 3153 1105 3201 R.
1133 3157 1264 3199 auseaaurr
1276 3149 1331 3213 pri·

206 3234 276 3280 mum,
288 3221 322 3270 K.
345 3221 449 3283 puerum
462 3229 595 3283 nascamur,
611 3216 669 3272 ΘΥ.
692 3221 797 3285 ρήηιωη
813 3228 952 3279 nuscuntur,
965 3222 988 3269 d
1007 3260 1039 3269 ..
1062 3219 1266 3283 restinguatur,d.
1293 3232 1331 3265 re-

206 3286 362 3351 striupuatur,
376 3281 433 3337 GR.
451 3289 603 3353 restringunt,
615 3291 649 3339 V.
665 3330 695 3338 -
714 3286 789 3338 licien
800 3304 875 3352 aque,
888 3281 916 3336 θ.
934 3286 1058 3349 liceneque,
1070 3288 1134 3338 VR„
1153 3285 1225 3335 licere
1237 3300 1294 3347 qua,
1305 3287 1331 3334 d.

205 3356 248 3407 Ex
259 3356 370 3418 vestigiis
389 3357 461 3405 codd.
480 3357 639 3407 scribendum
652 3358 762 3406 videtur:
785 3354 860 3405 licien
877 3371 951 3418 equae
967 3371 979 3402 e
995 3353 1067 3415 dulei,
1084 3364 1113 3404 ut
1129 3351 1197 3402 dulce
1212 3354 1247 3403 sit
1263 3353 1332 3402 idem

207 3425 275 3484 quod
292 3424 378 3471 vinum
396 3424 482 3486 dulce,
504 3440 528 3473 v.
545 3430 586 3486 20,
604 3429 715 3475 65.161.
740 3430 781 3486 23,
797 3429 835 3473 tl.
860 3427 953 3482 25,59.
980 3423 1057 3484 Aqua
1073 3423 1141 3472 enim
1159 3421 1248 3479 dulcis,
1265 3420 1332 3470 alias

207 3504 282 3553 saepe
299 3491 411 3540 uPlinio
430 3491 548 3555 opposita
559 3493 681 3553 marinae,
699 3492 725 3540 h.
738 3492 755 3539 1.
773 3507 879 3555 prorsus
893 3493 980 3554 inepta
997 3499 1042 3550 est,
1061 3503 1143 3552 neque
1159 3489 1257 3538 Plinius
1275 3502 1332 3536 um-

208 3572 285 3619 quam
302 3573 348 3621 per
364 3573 453 3608 omnes
470 3559 519 3611 hos
536 3560 629 3619 libros,
652 3560 697 3608 ubi
714 3560 855 3608 sexcenties
873 3558 1042 3607 medicamina
1059 3573 1127 3620 aqua
1143 3557 1243 3606 misceri
1260 3555 1331 3615 dicit,

198 3626 309 3681 ,dulcem
321 3627 538 3675 commemoravit.
552 3666 583 3675 -
596 3634 685 3690 epotus,
700 3620 760 3676 OV.
773 3634 854 3690 potus,
865 3621 967 3688 Rdssy.
979 3665 1010 3675 -
1025 3623 1094 3686 eiicit,
1106 3625 1154 3674 Vd
1162 3627 1179 3673 ².
1197 3622 1282 3683 eiiciet,
1294 3623 1332 3672 (1¹.

208 3691 326 3753 eiicie,R.
346 3732 377 3742 ..
394 3693 493 3756 uapula,
509 3695 546 3743 ita
557 3710 604 3744 nos
617 3695 769 3759 scripsimus.
798 3692 1003 3758 uapulas,VRd.
1030 3690 1140 3756 uapulae,
1151 3685 1202 3754 βγ.
1228 3687 1333 3754 aepulae

208 3759 311 3821 s¹¹ffil²l³2
323 3760 355 3810 K·
374 3759 464 3824 rapula
475 3760 567 3823 suffitu,
581 3762 685 3812 Gesner.
697 3762 757 3812 hist.
770 3761 847 3811 anim.
861 3767 883 3821 l,
896 3767 954 3811 482.
974 3801 1005 3809 -
1020 3757 1181 3822 procedentes,
1193 3775 1212 3808 r.
1232 3799 1263 3807 ..
1282 3754 1334 3805 uul-

208 3842 271 3887 uam,
284 3828 337 3877 Rd.
360 3843 439 3889 uuum,
455 3821 515 3878 GV.
536 3870 566 3878 -
582 3829 658 3891 furis,
670 3831 704 3880 V.
723 3869 753 3878 -
773 3844 825 3876 eum
837 3825 1052 3889 resina-voluer,
1070 3828 1152 3876 omitt.
1163 3828 1230 3877 B‘d.
1249 3866 1281 3874 ..
1301 3832 1333 3872 te·

209 3893 335 3955 rebiutiua,
347 3895 381 3945 V.

244 3960 329 4020 §253.
348 3962 509 4026 procedentes,
520 3965 554 4014 V.
574 4004 605 4014 ..
623 3962 729 4029 reprimi,
741 3965 773 4014 R.
793 3963 877 4028 primi,
888 3965 944 4014 Vd.
962 4005 995 4014 -
1013 3962 1108 4012 vaccini
1118 3960 1195 4022 laclia
1207 3960 1239 4009 V.
1263 3957 1335 4007 laetis

210 4029 308 4090 uocaui,
320 4029 372 4079 Ro.
392 4072 423 4080 ..
444 4038 523 4095 potus,
535 4033 568 4082 V.
589 4073 619 4081 ..
644 4048 661 4079 a
667 4039 755 4096 partus
766 4032 897 4094 vexatione,
910 4034 963 4082 Τὰ.
985 4046 1002 4079 a
1015 4038 1103 4094 portur
1113 4027 1257 4086 unaucurt,
1268 4026 1333 4076 VR.

207 4103 295 4159 partus
306 4097 437 4159 vexatione,
451 4093 479 4147 θ.
498 4100 527 4147 ob
536 4108 622 4163 pertus
634 4101 786 4159 vexationen,
798 4095 848 4162 βγ.
868 4140 899 4149 ..
919 4099 1020 4160 taurino,
1033 4101 1082 4148 R2.
1101 4097 1174 4157 tauri,
1186 4095 1283 4146 VB¹d.
1301 4133 1332 4142 .-

211 4162 324 4228 aerupr'ne
335 4181 365 4212 ae
376 4164 450 4229 melle,
462 4167 575 4217 VRTd.
593 4168 693 4233 aerupiu
705 4186 734 4217 ea
746 4164 820 4227 melle,
836 4160 864 4216 θ.
883 4167 996 4232 serapiae
1007 4164 1090 4215 addito
1101 4163 1175 4226 melle,
1187 4159 1216 4224 β.
1237 4201 1268 4211 ..
1286 4177 1334 4208 me-

212 4229 322 4292 dicantis,
339 4232 372 4282 V.
396 4274 427 4284 ...
455 4234 480 4283 ia
493 4235 687 4300 purpatioaibus,
704 4236 818 4288 VRTd.
845 4234 1034 4298 purgationibus,
1052 4227 1080 4283 Θ.
1106 4233 1130 4282 ci
1145 4231 1169 4282 in
1183 4228 1334 4294 purputiori-
