2918 4800
193 298 268 375 132'
545 327 749 374 varnerus
771 325 967 373 rusroamn

234 483 285 545 49.
316 479 442 545 Invenit
467 502 571 566 nuper
599 490 631 545 et
653 476 810 544 Servilius
833 477 1044 543 Democrates
1065 499 1084 541 e
1106 476 1219 563 primis
1246 499 1314 541 me·
1329 492 1360 540 st

191 583 336 648 dentium
356 603 453 666 quam
476 582 651 667 appellavit
672 580 807 658 iberida,
829 601 1023 664 quamquam
1036 578 1112 644 ficto
1126 578 1247 644 nomini
1269 578 1316 642 in-

191 684 338 750 ventione
360 683 429 748 eius
451 683 620 771 adsignata
643 682 794 748 carmine.
816 679 968 746 Nascitur
981 702 1131 744 maxume
1153 678 1238 746 circa
1259 702 1315 746 ve-

191 799 259 852 tera
291 785 484 850 monimenta
516 785 754 870 parietinasque
789 793 821 848 et
854 781 995 847 inculta*
1007 781 1160 847 itinerum
1172 806 1182 859 ;
1225 778 1317 846 fioret

191 909 319 971 semper
339 885 415 951 folio
437 887 593 963 nasturti,
624 886 714 951 caule
736 885 882 962 cubitali,
913 883 1035 949 semine
1057 882 1112 947 vix
1133 877 1171 947 ut
1191 881 1316 969 adspici

188 987 307 1073 possit;
337 986 439 1051 radici
466 987 547 1051 odor
579 985 725 1051 nasturti.
758 985 849 1051 Usus
875 995 998 1050 aestate
1026 984 1188 1050 efficacior
1208 994 1241 1049 et
1262 1006 1315 1049 re-

190 1089 275 1156 centi
298 1100 436 1166 tantum3
466 1088 610 1152 tunditur
632 1087 817 1153 difficulter.
855 1083 1097 1152 Coxendicibus
1120 1096 1151 1150 et
1172 1085 1316 1150 articulis
1329 1104 1362 1150 88

189 1189 338 1256 omnibus
353 1212 425 1254 cum
439 1189 582 1275 axungia
596 1188 723 1253 modica
739 1189 919 1266 utilissima,
942 1188 1021 1254 viris
1035 1189 1218 1274 plurumum
1234 1208 1314 1271 qua-

191 1292 290 1356 ternis
311 1291 409 1368 horis,
438 1291 565 1357 feminis
586 1290 692 1356 minus
715 1289 845 1354 dimidie
871 1290 1056 1376 adalligata,
1086 1301 1123 1354 ut
1144 1288 1260 1354 deinde
1281 1289 1315 1352 in

189 1392 326 1458 balineis
348 1393 562 1457 descendatur
582 1392 616 1457 in
638 1392 774 1457 calidam
796 1402 828 1456 et
849 1401 961 1478 postea
988 1391 1058 1456 oleo
1085 1413 1123 1456 ac
1145 1391 1219 1456 vino
1240 1413 1315 1477 per-

190 1503 353 1580 unguatur
375 1517 490 1580 corpus
512 1493 691 1578 diebusque
713 1491 835 1558 vicenis
860 1492 1059 1577 interpositis
1080 1491 1166 1556 idem
1191 1491 1258 1570 fiat,
1288 1492 1316 1557 si

191 1616 255 1679 qua
269 1593 441 1661 admonitio
457 1595 574 1661 doloris
590 1594 729 1682 supersit
737 1619 746 1671 ;
769 1593 829 1660 hoc
844 1593 939 1657 modo
953 1592 1198 1659 rheumatismos
1213 1593 1316 1659 omnis

191 1708 282 1760 sanat
309 1697 468 1773 occrfitos3
498 1697 663 1783 inponitur
683 1719 747 1762 non
768 1697 802 1760 in
823 1695 896 1782 ipsa
916 1694 1164 1762 inflammatione
1186 1695 1243 1761 sed
1264 1695 1315 1759 in-

190 1799 323 1863 minuta.

233 1901 284 1965 50.
313 1900 477 1966 Animalia
499 1922 628 1985 quoque
650 1900 802 1966 invenere
823 1899 941 1964 herbas
963 1899 998 1962 in
1019 1898 1195 1983 primisque
1217 1896 1315 1964 cheli·
1329 1917 1362 1961 ae

191 2002 319 2067 doniam
326 2027 335 2078 3
364 2003 425 2068 hac
447 2002 533 2069 enim
553 2001 741 2067 hirundines
762 2001 864 2066 oculis
885 2000 1048 2086 pullorum
1068 2000 1103 2066 in
1124 1999 1200 2065 nido
1221 2000 1324 2066 resti.

191 2115 286 2169 tuunt
307 2104 422 2181 visum,
444 2116 480 2168 ut
502 2104 632 2188 quidam
654 2105 778 2182 volunt,
802 2103 898 2168 etiam
921 2102 1021 2168 crutis
1043 2101 1156 2167 oculis.
1187 2098 1316 2168 Genera

192 2207 260 2271 eius
288 2207 367 2271 duo:
403 2206 503 2270 maior
529 2205 683 2271 fruticosa
710 2205 817 2283 caule,
848 2203 924 2270 folio
951 2203 1135 2291 pastinacae
1161 2204 1317 2270 erraticae

193 2307 364 2392 ampliore,
394 2307 466 2391 ipsa
493 2307 660 2373 altitudine
688 2308 788 2371 duum
816 2305 1016 2384 cubitorum,
1052 2306 1138 2371 colos
1163 2305 1316 2385 albicans,

191 2405 251 2471 flos
272 2407 395 2484 luteus3
424 2408 539 2473 minori
562 2409 638 2474 solia
658 2409 796 2475 hederae
819 2408 1014 2485 rotundiora,
1037 2407 1143 2473 minus
1164 2407 1316 2483 candida3

227 2550 295 2611 §87.
321 2547 570 2611 Democrates,Rad.
597 2549 752 2610 Democrites,
768 2542 827 2598 OV.
853 2549 1020 2607 Democrates,
1037 2548 1141 2598 Barbar.
1161 2589 1191 2596 ..
1214 2545 1316 2608 iberide,

193 2616 267 2664 Rad.
291 2614 408 2676 liberide,
420 2612 479 2678 νβ.
500 2659 530 2666 ..
550 2617 640 2666 nomini
650 2617 782 2666 inventione
793 2616 842 2665 eius
853 2615 986 2679 enipeum,
1000 2616 1107 2666 Salmas.
1121 2617 1152 2665 de
1164 2616 1225 2679 hyle
1237 2632 1261 2680 p.
1277 2621 1316 2665 lo.

193 2700 216 2732 a.
230 2684 261 2734 G.
273 2685 365 2747 partim
378 2700 391 2734 c
403 2687 480 2735 libris.
502 2685 591 2734 nomini
601 2684 731 2734 inventioni
741 2685 790 2733 eius
801 2683 939 2747 edsipnete,
952 2685 1006 2734 Vd.
1029 2683 1118 2732 nemine
1130 2682 1258 2732 inventioni
1267 2682 1317 2731 eius

193 2749 331 2815 edsipnete,
343 2754 374 2802 R.
399 2752 529 2801 inventioni
538 2752 588 2802 eius
599 2753 731 2818 essipnete‚
747 2745 776 2802 θ.
799 2751 890 2801 nemine
902 2751 1031 2800 inventioni
1041 2751 1091 2800 eius
1102 2751 1231 2815 desipuere,
1245 2746 1315 2814 8βγ.

194 2818 277 2879 Quam
299 2820 439 2884 recepimus
461 2820 577 2870 Salmasii
600 2823 801 2871 emendationem
823 2836 874 2870 uno
896 2820 922 2869 in
940 2819 1043 2868 nomine
1060 2819 1190 2867 inventione
1209 2834 1242 2869 ex
1262 2818 1317 2868 sola

194 2888 338 2937 coniectura
353 2888 454 2950 factam,
473 2905 529 2938 cum
547 2896 645 2938 ceterae
661 2890 798 2952 scripturae
816 2903 905 2937 omnes
923 2888 1052 2937 codicibus
1065 2889 1210 2947 debeantur,
1229 2887 1318 2937 nitimr

194 2970 224 3004 ea
240 2956 323 3005 verbis
336 2956 426 3006 Galeni
446 2951 507 3021 napi
525 2953 675 3021 φαρμάκων
692 2951 760 3004 κατὰ
773 2951 873 3013 τόπους
885 2961 924 3015 10,
938 2960 960 3004 2.
973 2970 999 3018 p.
1013 2961 1077 3015 635,
1097 2955 1138 3004 ubi
1152 2956 1216 3004 haee
1227 2956 1316 3017 legun·

194 3031 246 3073 tur:
272 3021 302 3071 ἐν
318 3013 427 3091 Ἰβηρίᾳ
467 3019 527 3091 poia
545 3020 638 3089 ἰατρόν
655 3038 713 3072 τινα
730 3019 809 3087 φίλον
827 3022 928 3072 ἑαυτοῦ
942 3037 975 3086 γε
991 3020 1194 3088 θεραπευθῆναι
1211 3015 1319 3085 dederis

193 3086 325 3172 βοτάνης,
336 3088 378 3156 ἦν,
389 3089 429 3149 ὡς
454 3107 492 3159 φη
506 3087 785 3157 αὐτὸςΔαμονράο-ης,
796 3081 923 3158 Ἰβηρίάα
935 3086 1015 3139 καλεῖ
1021 3087 1119 3151 μαθὼν
1129 3087 1182 3149 μὲν
1195 3085 1315 3138 αὐτοπτο-

194 3160 250 3216 κῶς
270 3174 323 3224 την·
338 3155 470 3227 βοτάνην,
492 3156 578 3220 ὄνομα
599 3157 631 3208 δὲ
652 3156 734 3208 οὐδὲν
756 3155 876 3216 ἀκούσας
896 3155 989 3224 αὐτῆς,
1012 3155 1053 3207 ὅτι
1068 3148 1131 3225 ,end
1151 3155 1166 3205 d
1183 3153 1316 3206 διδάσκων

194 3223 331 3292 ἠπίστατο.
357 3228 496 3279 Salmasius
512 3244 570 3278 vero
586 3230 619 3278 ad
636 3228 840 3278 emendationem
855 3243 927 3277 snam
939 3229 1116 3277 adstruendam
1129 3227 1193 3276 haee
1205 3225 1316 3276 subiicit:

196 3295 326 3356 „Invenit,
352 3296 446 3360 inquit,
472 3295 571 3346 Iberida
590 3297 695 3347 herbam
717 3299 898 3355 Democrates,
924 3309 1079 3358 quamquam
1099 3295 1244 3344 inventione
1264 3293 1317 3342 eius

194 3364 254 3413 ficto
271 3365 368 3413 nomini
387 3365 514 3428 assignata
531 3366 648 3414 carmine.
676 3364 769 3414 dictent
787 3379 875 3423 nomen,
893 3365 934 3412 eui
951 3364 1122 3413 inventionem
1140 3361 1246 3411 Iberidis
1264 3375 1317 3410 car-

195 3431 262 3480 mine
280 3447 326 3482 suo
343 3434 512 3482 Democrates
529 3434 680 3495 assignavit,
698 3433 795 3482 amicus
812 3431 855 3481 ille
873 3440 980 3481 estnon
997 3431 1144 3480 nominatus
1158 3428 1316 3488 Damoereti,

195 3514 211 3548 8
227 3514 278 3561 quo
296 3501 342 3549 sibi
358 3510 525 3549 monstratam
543 3500 668 3549 Iberidem
686 3501 804 3564 prodidit,
822 3499 865 3562 qui
882 3514 912 3548 ea
927 3506 1038 3548 sanatus.
1065 3497 1159 3547 Fictem
1175 3512 1257 3546 nemen
1273 3512 1317 3560 ap·

195 3567 275 3629 pellat
286 3568 391 3628 Plinius,
409 3569 470 3631 quia
485 3566 590 3617 fortasse
601 3569 705 3618 finxisse
722 3584 777 3617 eam
791 3568 836 3616 sibi
848 3568 880 3616 ab
892 3567 979 3630 aliquo
991 3573 1118 3616 ostensam
1136 3567 1318 3616 Democratem

196 3636 308 3693 credidit,
327 3650 383 3683 curn
401 3636 454 3699 ipse
471 3649 559 3684 revere
575 3635 736 3686 invenisset.'’
755 3677 786 3685 -
810 3632 921 3695 carmine,
940 3650 991 3698 quo
1004 3635 1170 3686 Democrates
1182 3633 1249 3681 hanc
1260 3634 1317 3680 her-

195 3702 253 3751 bam
266 3702 406 3765 descripsit,
419 3712 516 3753 servato
529 3702 652 3753 aGeleno
664 3720 689 3768 p.
701 3709 757 3753 636.
772 3743 803 3751 -
819 3701 996 3765 peretinesqee,
1006 3703 1039 3751 V.
1052 3743 1084 3751 ..
1101 3700 1196 3762 semine,
1205 3700 1316 3751 va'rd.

195 3769 281 3816 semine
298 3777 445 3832 temporeo,
462 3766 531 3835 8βγ.
551 3812 581 3821 ..
609 3771 651 3819 vir
666 3772 843 3831 et,VRTad.
871 3778 897 3817 et
913 3769 962 3831 vie,
976 3764 1027 3834 βγ.
1046 3810 1077 3819 -
1105 3767 1219 3829 nasturci,
1232 3769 1266 3818 V.
1285 3807 1316 3817 ..

195 3844 264 3896 etate,
276 3838 308 3887 R.
329 3879 360 3887 -
380 3838 481 3899 trecenti,
494 3840 527 3889 V.
546 3838 652 3900 recentis,
665 3840 697 3889 Κ.

230 3903 245 3964 fi
258 3912 298 3955 88.
316 3912 454 3968 queternem
467 3903 538 3966 fieris,
550 3922 573 3955 a.
591 3914 730 3969 quaternum
742 3905 821 3967 moris,
834 3907 919 3956 VRd.
934 3947 965 3955 ..
976 3905 1085 3969 feminis,
1098 3906 1160 3955 VR.
1178 3902 1280 3963 seminis,
1293 3904 1317 3952 d.
1352 3931 1354 3935 ι

194 3972 304 4030 semines,
317 3990 339 4022 8.
359 4013 390 4022 ..
414 3971 652 4035 balineis,R(codd.
667 3973 738 4037 Gal.)
765 3972 919 4035 baineiaad.
948 3967 1070 4043 belsssneis,
1086 3975 1113 4024 V
1129 3970 1185 4036 (ubi
1203 3968 1318 4020 belnineis

195 4038 272 4089 fuisse
284 4039 401 4102 videtur).
421 4081 452 4090 ..
476 4048 498 4089 et
507 4050 597 4104 pestee,
609 4043 694 4092 vad.
720 4050 742 4090 et
758 4040 841 4091 deinde
857 4050 881 4090 et
891 4050 983 4106 postea,
996 4060 1018 4094 a.
1037 4084 1068 4092 -
1090 4047 1318 4105 perenpeetercor·

192 4123 247 4170 pes,
260 4111 304 4158 ad.
329 4116 478 4173 perunppter
492 4109 625 4173 eorpuali.
650 4118 806 4174 perunpeter,
819 4112 853 4160 V.
880 4126 966 4175 corpas
980 4119 1135 4174 pemnpeter,
1151 4105 1204 4172 βγ.
1223 4149 1254 4157 -
1277 4123 1318 4155 se·

195 4183 260 4236 irent,
273 4178 325 4226 V'·'.
349 4217 378 4226 ..
407 4176 612 4240 occultos-ipse.
630 4194 680 4228 om.
692 4179 725 4228 V.
749 4221 779 4228 ..
808 4179 861 4242 ipse
877 4178 1069 4242 irfiennnetiona
1085 4178 1130 4228 Rd
1146 4176 1234 4239 (codd.
1248 4172 1318 4235 Get.)

196 4241 261 4306 bases
273 4244 477 4308 inflammationes,
489 4261 512 4295 8.
534 4244 723 4308 itfienrmetrona
735 4248 769 4297 V.

230 4314 297 4375 §tia
324 4311 472 4373 celidoniam,
486 4314 519 4362 V.
547 4314 665 4363 Ceterum
682 4330 705 4364 v.
718 4315 834 4364 Dioscor.
848 4321 872 4375 2,
886 4319 1014 4364 21].212.
1035 4354 1063 4361 -
1092 4311 1222 4374 irendines,
1233 4313 1266 4362 V.
1286 4352 1316 4360 .-
