2918 4800
440 296 510 341 arn.
526 296 625 342 xxrx.
655 293 733 340 aar.
750 294 797 340 vr.
827 291 923 340 sacr.
940 293 970 335 as.
1204 277 1266 341 369

143 452 177 516 in
209 448 389 514 antidotum
422 457 533 512 contra
564 446 720 532 serpentis
747 444 891 522 additum
927 443 1057 530 qnidam
1087 458 1117 510 et
1146 446 1267 532 viperis

143 563 279 619 utuntur
299 550 334 615 iu
355 549 445 615 cibis.
466 549 613 614 Primum
635 548 775 613 omniurn
799 546 905 612 occisa
926 546 1034 611 statim
1057 548 1155 613 salem
1177 549 1209 612 in
1230 572 1267 614 os
1283 567 1328 613 121

143 654 219 720 addi
240 653 354 718 iubent
371 651 476 717 donec
497 651 673 735 liquescat,
703 672 777 715 mox
804 659 957 734 quattuor
979 648 1154 736 digitorum
1177 674 1266 716 men-

145 778 219 822 sura
247 754 407 839 utrimque
437 753 585 839 praecisa
606 752 827 838 exemptisque
847 750 1022 816 interaneis
1045 750 1212 816 discocunt
1233 753 1266 817 in

144 880 237 942 aqua,
261 856 342 933 oleo,
365 855 442 933 sale,
465 862 576 933 aneto,
605 866 662 919 aut
685 854 793 920 statim
815 863 992 918 vescuntur
1018 862 1074 917 aut
1094 875 1179 939 pane
1201 855 1267 918 col·

143 959 250 1046 ligunt
270 966 307 1022 ut
328 957 456 1043 saepius
478 967 620 1033 utantur.
648 956 703 1021 Ius
724 967 853 1042 praeter
875 977 974 1041 supra
995 954 1081 1019 dicta
1103 954 1268 1041 pediculos

145 1084 163 1126 e
196 1073 263 1126 toto
296 1080 432 1143 corpore
465 1059 598 1144 expellit
629 1058 836 1144 pruritusque
870 1058 966 1121 etiam
999 1079 1141 1121 summae
1173 1056 1267 1122 cutis.

146 1162 299 1228 Ostendit
321 1162 471 1227 effectum
493 1171 525 1224 et
545 1183 605 1247 per
627 1183 660 1224 se
682 1159 796 1246 capitis
819 1158 956 1245 viperini
977 1159 1076 1236 cinis3
1099 1158 1267 1223 utilissime

145 1264 254 1330 oculos
276 1262 438 1350 inunguit,
459 1262 601 1347 itemque
624 1261 718 1345 adips
740 1261 918 1346 viperinus.
951 1259 1003 1326 De
1026 1261 1100 1326 felle
1121 1283 1186 1326 non
1208 1281 1330 1326 atu-122

144 1367 267 1431 duciter
288 1364 444 1430 suaserim
467 1385 549 1447 quae
570 1363 784 1450 praecipiunt,
806 1364 968 1447 quoniam,
990 1374 1027 1428 ut
1047 1387 1106 1428 suo
1123 1364 1194 1429 loco
1209 1364 1268 1429 do-

145 1469 280 1546 cuimus,
302 1490 368 1544 non
389 1466 477 1532 aliud
499 1475 548 1530 est
569 1465 766 1551 serpentium
789 1481 957 1530 venenum.
983 1465 1151 1554 Anguium
1174 1465 1268 1552 adips

144 1569 289 1656 aerugini
311 1568 431 1633 mixtus
453 1578 566 1652 ruptas
588 1566 752 1632 oculorum
774 1567 875 1651 partis
898 1577 1007 1645 sanat,
1030 1578 1062 1632 et
1082 1568 1268 1634 membrana

145 1673 213 1738 sive
236 1680 382 1736 senectus
404 1670 591 1735 vernatione
613 1690 722 1732 eornm
744 1677 840 1732 exuta
860 1668 888 1732 si
902 1669 1076 1734 addicetur
1091 1670 1268 1736 claritatem

144 1775 230 1839 facit.
252 1772 340 1839 Boae
363 1792 491 1856 quoque
513 1770 558 1834 fel
570 1770 776 1856 praedicatur
793 1769 835 1832 ad
850 1769 1030 1856 albugines,
1054 1771 1268 1848 subfusiones,

144 1874 308 1960 caligines,
331 1873 425 1959 adips
448 1872 592 1938 similiter
613 1873 656 1936 ad
678 1871 866 1937 claritatem.
892 1871 1042 1956 Aquilae,
1065 1895 1161 1958 quam
1182 1871 1266 1936 dixi-
1283 1893 1330 1937 12³

144 1999 215 2041 mus
237 1977 343 2062 pullos
365 1975 407 2039 ad
429 1974 646 2040 contuendum
668 1974 768 2038 solem
790 1974 946 2060 experiri,
977 1975 1052 2040 felle
1073 1976 1174 2040 mixto
1196 1997 1267 2040 oum

143 2077 236 2143 melle
251 2076 363 2142 Attico
376 2077 579 2163 inunguntur
592 2075 768 2141 nubeculae
784 2087 816 2140 et
830 2075 1035 2164 caligationes
1050 2075 1269 2142 subfusiones·

145 2201 208 2263 que
229 2179 410 2256 oculorum3
435 2177 547 2244 eadem
569 2177 618 2243 vis
640 2192 688 2242 est
709 2189 742 2243 et
763 2177 796 2241 in
819 2177 979 2243 vulturino
1000 2177 1072 2243 felle
1091 2201 1165 2243 cum
1180 2178 1267 2264 porri

144 2303 222 2346 suco
244 2292 278 2345 et
300 2280 392 2345 melle
415 2281 547 2366 exiguo,
574 2280 651 2344 item
679 2280 713 2343 in
734 2278 904 2367 gallinacei
924 2279 998 2345 felle
1020 2279 1063 2343 ad
1083 2302 1214 2368 argema
1236 2291 1269 2345 et

143 2382 315 2468 albugines
337 2405 378 2447 ex
400 2404 484 2467 aqua
498 2382 608 2459 diluto,
629 2381 706 2445 item
727 2380 761 2444 in
782 2379 988 2446 subfusiones
1002 2381 1177 2460 oculorum,
1198 2403 1268 2446 ma·

145 2482 392 2575 rumas-candidi
415 2482 590 2570 gallinacei.
612 2481 741 2548 Fimum
762 2502 889 2566 quoque
909 2481 1158 2568 gallinaceorum
1173 2483 1266 2547 dum-

178 2661 193 2722 §
205 2664 261 2708 120.
279 2659 382 2724 opaea,
395 2662 419 2709 d.
439 2699 470 2708 -
488 2655 605 2723 tiupendo,
617 2660 641 2707 d.
660 2655 793 2722 linquenda,
805 2659 829 2707 R
841 2673 874 2707 ex
886 2672 948 2708 corr.
968 2656 1099 2723 tiupueuda
1112 2660 1145 2708 V.
1161 2700 1191 2708 ..
1211 2665 1266 2707 tem-

141 2725 294 2789 pestivitate,
303 2727 366 2777 VR.
385 2725 515 2789 temperiem
527 2741 557 2775 ac
567 2741 634 2774 aeras
645 2733 743 2788 aetates,
755 2726 844 2775 Dalec.
856 2765 887 2775 -
899 2724 1032 2789 quidamst
1043 2725 1160 2776 annititur
1171 2726 1267 2790 viperis,

147 2787 258 2844 ovat.
281 2793 379 2858 quidam
393 2802 417 2842 et
438 2792 565 2843 adtollitur
579 2793 605 2842 vi
624 2792 723 2858 uiperr‘s,
741 2795 772 2844 R.
806 2793 835 2844 Si
855 2794 996 2844 litterarum
1018 2797 1109 2845 ductus
1131 2796 1267 2859 sequimur,

144 2876 196 2911 non
207 2863 376 2926 improbabile
388 2870 427 2912 est
438 2863 550 2912 Plinium
566 2858 664 2924 quidam
680 2869 704 2910 et
718 2860 754 2910 ad
769 2861 816 2910 coli
829 2861 932 2910 mmina
948 2861 1038 2926 viperis
1054 2870 1150 2912 utuntur
1167 2862 1192 2911 ia
1209 2862 1267 2912 aba

143 2945 191 2979 san
224 2945 282 2979 isra.

177 2945 263 3061 §pin
281 2997 367 3057 occisa
379 2996 444 3046 VR.
462 2996 558 3055 cauae,
570 2993 642 3062 ᾱβγ.
660 2995 749 3058 οοοιζςιὶς,
760 2997 794 3046 K.
813 3037 844 3045 ..
867 2995 989 3060 liqteacat,
1006 3013 1068 3059 mox,
1084 2998 1168 3047 RTd.
1193 2996 1266 3059 lique-

143 3072 204 3124 scat,
220 3058 249 3112 θ,
267 3063 396 3126 iuqueacat,
408 3065 442 3113 V.
461 3063 575 3126 liquescat
586 3063 675 3125 humor,
687 3059 717 3123 β.
737 3103 768 3112 -
787 3070 917 3126 utrumque,
930 3066 980 3114 3².
999 3065 1121 3126 triumque,
1139 3057 1266 3114 9VR¹d.

145 3132 266 3183 Ceterum
283 3146 307 3180 v.
324 3130 339 3190 ξ
353 3134 392 3181 70.
416 3170 448 3180 ..
467 3130 599 3193 praecata,
617 3134 642 3180 d.
664 3170 696 3179 -
718 3127 849 3192 damant,
865 3132 899 3180 V.
921 3171 953 3180 ..
976 3129 1027 3179 oleo
1041 3130 1092 3179 sale
1109 3138 1186 3190 aneto,
1203 3133 1266 3183 VR.

144 3197 229 3247 auetlto
241 3196 292 3246 sale
303 3197 360 3257 olco,
372 3198 404 3247 Τ.
422 3205 465 3245 aut
476 3196 525 3246 olco
536 3196 587 3246 sale
599 3196 691 3251 anatho.
704 3192 776 3261 dssr.
788 3237 819 3246 ..
832 3204 875 3246 aut
885 3197 974 3258 statim,
986 3199 1111 3247 VR'Td.
1129 3205 1153 3246 et
1164 3198 1266 3247 omnium

144 3275 187 3314 aut
197 3264 286 3325 statim,
304 3268 329 3316 R
337 3269 355 3314 ².
373 3272 396 3312 et
407 3263 512 3313 omuibus
523 3272 566 3313 aut
575 3264 665 3323 atatim,
675 3259 725 3328 βγ.
744 3271 767 3312 et
778 3263 889 3312 carnibus
900 3272 943 3312 aut
952 3265 1041 3325 atatim,
1052 3265 1085 3314 Κ.
1105 3306 1135 3314 -
1151 3280 1220 3328 pene,
1231 3267 1266 3316 V.

145 3375 177 3383 -
204 3334 251 3394 Va,
264 3333 328 3383 VR.
348 3373 378 3382 ..
395 3349 478 3396 supra,
490 3334 560 3383 R²d.
578 3332 666 3384 Omitt.
678 3332 753 3382 VR'.
771 3372 801 3382 ..
821 3331 928 3382 Ostendit
939 3332 1053 3395 qfcetum,
1066 3333 1128 3382 VR.
1145 3330 1277 3396 Efficiam.

144 3400 253 3464 ostendit,
266 3397 338 3465 ᾱβγ.
358 3442 389 3451 ...
408 3399 468 3449 cinus
483 3416 529 3464 quo
546 3399 676 3462 utilissime,
688 3400 721 3450 Κ.
740 3440 772 3451 ..
791 3399 890 3464 inungit,
903 3401 987 3452 VTd.
1010 3399 1094 3465 iuaqit,
1106 3402 1150 3451 R'.
1168 3408 1266 3466 ungunt,

144 3469 193 3519 R2.
211 3469 334 3534 inungunt,
345 3464 375 3530 β.
394 3510 425 3519 ..
444 3468 551 3531 itemque,
563 3469 646 3518 vltd.
664 3467 726 3528 item,
738 3469 769 3519 Τ.
787 3466 901 3531 idemque,
912 3463 942 3529 β.

179 3536 193 3597 ξ
208 3543 264 3588 122.
281 3536 417 3598 audaciter,
435 3528 517 3586 OVd.
536 3532 656 3596 audacter,
666 3531 745 3601 Rssr.
764 3533 882 3597 daticiter,
892 3540 947 3601 p‘p.
965 3535 1063 3598 duriter,
1072 3535 1100 3588 d.
1111 3538 1153 3588 De
1164 3547 1267 3602 recepta

144 3606 254 3655 adverbii
272 3605 356 3656 forma
371 3606 532 3670 disputarunt
546 3619 586 3653 vv.
602 3604 686 3654 ddad
697 3605 753 3654 Liv.
771 3610 812 3663 22,
825 3609 865 3654 25.
884 3643 914 3653 ..
933 3604 1067 3667 murum,
1079 3606 1114 3656 V.
1133 3646 1165 3656 ..
1184 3604 1266 3656 docui·

62 3677 64 3682 ¹
144 3689 195 3720 aa.
213 3679 252 3734 n,
271 3679 328 3724 aa.
350 3715 381 3724 -
404 3681 497 3737 rapas,
514 3673 547 3722 v.
571 3710 603 3720 -
625 3669 703 3733 sou,
723 3664 874 3723 avana.
897 3670 989 3734 urm,
1005 3675 1055 3724 aa
1081 3669 1213 3734 iuuat.
1234 3715 1265 3726 -

144 3738 179 3789 ad
189 3739 319 3803 albapiues.
330 3742 385 3792 Bd.
403 3743 434 3790 ab
445 3739 562 3806 albugine,
574 3739 608 3789 V.
842 3765 844 3768 ⁴

179 3806 194 3867 §
208 3812 265 3857 123.
282 3807 385 3858 diximus
399 3815 437 3870 10,
453 3814 492 3859 lo.
512 3849 543 3857 -
558 3805 632 3871 pullo,
645 3807 678 3856 V.
698 3847 729 3855 -
745 3804 809 3870 selle
824 3807 904 3869 mixto,
916 3808 1032 3872 VBTd.
1050 3807 1123 3857 mixto
1130 3805 1201 3872 fello,
1214 3803 1265 3871 βγ.

145 3917 177 3926 ..
196 3875 348 3938 iuuaquutur,
365 3876 418 3926 Ra.
441 3875 577 3947 iunguntur,
593 3876 627 3925 V.
649 3882 775 3937 uupuutur,
795 3866 823 3924 θ,
847 3916 878 3924 -
901 3873 1056 3938 aaliqationea
1071 3875 1266 3940 auffmiouesquq

145 3945 217 3995 V·
235 3940 1085 4074 atumlatitat·vastatura
1096 3940 1267 4062 tat-...ft

145 4013 319 4130 ibiibisvtentdt
331 4077 435 4128 Gesner.
448 4047 507 4128 hisi.
519 4024 632 4138 ariimiit,
645 4047 707 4128 4143
726 4118 758 4127 -
781 4048 887 4143 arqua,
906 4029 1086 4145 Osparqiaa,
1102 4080 1178 4129 VR¹,
1200 4078 1265 4144 alpe.

145 4153 219 4204 mata,
232 4147 281 4196 3².
301 4187 332 4196 ..
351 4154 375 4195 et
385 4144 514 4225 albupiaea,
528 4139 615 4195 OVR.
634 4153 656 4194 et
667 4143 702 4194 ad
713 4143 844 4210 atbuqtnes,
856 4143 927 4211 (ἱβγ.
948 4190 977 4197 -
997 4147 1051 4196 item
1063 4147 1095 4209 iu,
1107 4148 1191 4198 VRd.
1211 4147 1264 4196 item

145 4209 254 4331 adgfgg·
266 4211 434 4332 TVcartulatis,
448 4215 509 4264 VR.
1020 4280 1061 4344 94
