2918 4800
448 323 519 369 nm.
534 320 638 368 xxur.
666 319 745 367 car.
761 321 784 366 1.
813 318 910 366 sacr.
927 318 1010 363 ιο-ιι.
1250 302 1287 364 11

167 473 306 539 Falerna
330 472 461 538 habent.
495 471 550 536 Ab
577 470 628 536 his
650 467 784 535 Statana
805 493 869 536 non
889 473 987 557 longo
1007 469 1174 536 intervallo
1196 471 1288 536 alue-

167 575 240 639 rint.
283 573 369 640 Alvo
407 573 487 637 citae
522 570 694 661 Signinum
732 594 880 638 maxume
913 572 1089 638 conducere
1126 572 1288 637 indubita-

168 690 235 742 tum
258 688 316 742 est.

209 781 261 843 22.
283 777 421 862 Reliqua
442 776 475 840 in
498 798 654 841 conmune
669 775 826 841 dicentur.
848 774 936 841 Vino
950 776 1081 841 aluntur
1095 775 1192 852 vires,
1215 798 1289 841 san·
1302 791 1333 837 at

166 879 241 966 guis
269 879 420 963 colosque
445 877 619 943 hominum.
656 877 731 944 Hoc
757 878 855 943 distat
876 878 964 943 orbis
987 877 1111 943 medius
1132 888 1164 942 et
1184 877 1291 944 mitior

166 982 263 1070 plaga
284 1003 304 1046 a
325 980 537 1047 circumiectis
544 1005 554 1057 3
578 991 732 1064 quantum
753 981 817 1046 illis
838 980 946 1045 feritas
967 979 1043 1044 facit
1060 978 1195 1058 roboris,
1219 992 1289 1044 tan·

167 1095 235 1148 tum
256 1082 350 1149 nobis
371 1083 425 1149 hic
446 1106 553 1149 sucus.
586 1082 730 1149 Lacteus
751 1093 847 1170 potus
868 1105 942 1148 ossa
964 1082 1037 1160 alit,
1063 1082 1193 1170 frugum
1215 1104 1289 1146 ner-

166 1206 234 1263 vos,
257 1206 360 1268 aquae
382 1185 505 1263 carnis3
528 1184 601 1250 ideo
622 1185 730 1250 minus
750 1184 877 1250 ruboris
900 1196 948 1249 est
970 1185 1003 1248 in
1019 1182 1207 1270 corporibus
1227 1184 1290 1248 illis

166 1298 200 1350 et
220 1285 326 1351 minus
352 1286 476 1352 roboris
499 1296 672 1370 contraque
693 1286 819 1353 labores
840 1285 1022 1372 patientiae.
1057 1285 1143 1352 Vino
1164 1284 1289 1350 modico
1302 1302 1334 1347 as

164 1388 256 1453 nervi
276 1388 439 1466 iuvantur,
462 1387 640 1473 copiosiore
662 1388 832 1454 laeduntur
839 1411 848 1463 3
873 1389 919 1452 sic
937 1397 969 1452 et
983 1387 1083 1465 oculi;
1107 1387 1290 1453 stomachus

166 1501 329 1555 recreatur
357 1500 390 1554 et
417 1490 600 1576 adpetentia
626 1489 770 1555 ciborum
797 1489 967 1568 invitatur,
996 1490 1128 1555 tristitia
1154 1500 1187 1554 et
1214 1511 1291 1554 cura

165 1590 345 1669 hebetatur,
366 1591 460 1657 urina
474 1608 506 1657 et
520 1593 612 1678 algor
625 1591 805 1678 expellitur,
823 1614 953 1657 somnus
968 1591 1164 1657 conciliatur.
1187 1591 1289 1656 Prae·

167 1703 252 1757 terea
276 1693 465 1759 vomitiones
493 1694 592 1772 sistit.
631 1693 832 1759 collectiones
861 1703 951 1758 extra
982 1693 1064 1759 lanis
1090 1691 1208 1758 umidis
1236 1690 1288 1756 in·

166 1794 278 1878 positis
300 1794 437 1881 mitigat.
464 1795 679 1881 Asclepiades
699 1794 870 1860 utilitatem
891 1795 958 1859 vini
980 1796 1110 1879 aequari
1132 1795 1186 1860 vix
1208 1794 1288 1859 deo·

165 1918 237 1959 rum
270 1897 415 1982 potentia
448 1919 544 1983 posse
580 1897 808 1984 pronuntiavit.
850 1897 957 1963 Vetus
993 1897 1169 1981 copiosiore
1205 1919 1290 1980 aqua

165 1998 316 2063 miscetur
337 1997 506 2084 magisque
527 1998 652 2063 urinam
676 1998 815 2084 expellit,
838 1997 945 2062 minus
965 1997 1016 2061 siti
1034 1997 1173 2073 resistit3
1196 1996 1289 2063 dulce

164 2098 272 2162 minus
292 2098 432 2163 inebriat
454 2098 511 2162 sed
534 2099 696 2164 stomacho
717 2100 856 2175 innatat,
880 2107 1044 2162 austerum
1064 2096 1190 2161 facilius
1211 2121 1288 2164 con-

166 2198 325 2281 coquitur.
347 2196 566 2263 Levissimum
588 2199 745 2282 estquod
767 2198 933 2265 celerrime
948 2199 1160 2278 inveteratum
1183 2200 1288 2266 minus
1301 2216 1334 2262 aa

164 2299 293 2364 infestat
325 2321 440 2364 nervos
468 2300 557 2384 quod
585 2311 744 2366 vetustate
774 2300 939 2366 dulcescit.
981 2297 1153 2365 Stomacho
1182 2301 1289 2367 minus

164 2401 244 2466 utile
267 2411 316 2466 est
336 2400 468 2489 pingue,
496 2400 637 2490 nigrum,
666 2402 723 2467 sed
744 2423 880 2488 corpora
901 2403 1003 2488 magis
1024 2402 1095 2478 alit3
1130 2412 1226 2468 tenus
1255 2414 1289 2469 et

164 2515 327 2568 austerum
346 2503 453 2569 minus
475 2504 544 2581 alit,
572 2503 676 2590 magis
706 2504 904 2569 stomachum
925 2503 1041 2582 nutrit,
1072 2502 1207 2569 celerius
1229 2525 1288 2589 per

164 2605 289 2669 urinam
310 2605 425 2670 transit
432 2630 441 2682 3
470 2618 558 2670 tanto
580 2607 685 2692 magis
708 2606 813 2693 capita
835 2618 985 2693 temptat3
1008 2606 1069 2672 hoc
1091 2617 1124 2670 et
1144 2606 1179 2669 in
1200 2606 1287 2670 omni

165 2706 227 2773 alio
248 2729 325 2772 suco
348 2707 447 2774 semel
468 2707 591 2773 dictum
613 2709 665 2774 sit.
694 2706 818 2773 Vinum
840 2710 867 2774 si
889 2709 931 2774 sit
951 2709 1040 2773 fumo
1062 2709 1286 2785 inveteratum,

165 2880 235 2943 tana,
248 2881 364 2946 Grony.
383 2923 414 2933 ..
437 2881 545 2932 Falerno
561 2882 746 2945 latent‚Gron.
773 2882 879 2934 Falerno
895 2883 987 2945 hebent,
1003 2878 1188 2946 evrardo.
1215 2898 1287 2946 qaam

165 2946 276 3010 Polemo,
293 2949 325 2999 K.
352 2948 464 3011 Polemo,
479 2945 508 3012 β.
528 2992 559 3000 ..
586 2949 698 3012 afuerint,
715 2952 749 3002 V.
776 2951 903 3014 abfuerint,
922 2946 1014 3017 adssr.
1040 2993 1072 3002 ..
1099 2949 1286 3014 Siqnaavd.

164 3014 275 3080 Siquam,
293 3032 315 3066 a
345 3017 395 3067 Illa
415 3019 538 3068 scribendi
558 3019 643 3070 forma
659 3019 763 3071 Graccis
784 3021 877 3071 usitata
896 3022 995 3071 videtur
1009 3020 1099 3082 fnisse3
1120 3035 1144 3068 v.
1162 3019 1244 3069 Strab.
1263 3023 1286 3069 5.

163 3099 188 3148 p.
202 3089 259 3135 237.
272 3093 297 3134 et
309 3084 399 3136 Galen.
412 3087 490 3136 antid.
505 3092 563 3149 1‚a.

188 3187 253 3249 §⁸⁷-
266 3184 379 3236 diceatar.
388 3186 460 3238 Haec
468 3202 520 3239 vox
528 3189 619 3239 ultima
628 3196 666 3240 est
675 3190 769 3241 codicis
781 3207 797 3240 a
805 3190 856 3239 hoe
865 3191 891 3239 in
900 3189 972 3253 folio,
982 3190 1008 3239 in
1018 3191 1089 3239 cuius
1098 3188 1214 3251 margine
1223 3188 1288 3238 haec

163 3295 223 3338 sunt
234 3289 329 3351 scripta
341 3289 372 3338 ab
384 3291 489 3354 antiqua
500 3305 591 3340 manns
615 3289 674 3352 „dee
689 3291 729 3339 iat
740 3289 798 3340 lese
813 3294 862 3340 aaa
868 3289 936 3354 solta
951 3289 980 3338 de
991 3290 1016 3338 l·
1029 3289 1088 3338 libro
1099 3288 1123 3336 ia
1136 3266 1150 3349 ‘i
1163 3286 1288 3351 disputat·

163 3353 192 3403 de
204 3355 255 3402 viai
263 3355 401 3418 peneritqss'
422 3357 453 3406 In
464 3356 537 3407 initio
549 3358 658 3420 paginae
674 3360 803 3420 sequentis
820 3360 942 3419 leguntur
953 3359 1079 3421 adscripta
1091 3373 1106 3406 a
1118 3369 1197 3405 manu
1207 3355 1286 3418 paulo

163 3422 317 3472 recentiore:
336 3421 380 3484 „ti
390 3422 505 3486 ssesolia
514 3431 569 3472 ruat
580 3423 609 3472 de
620 3423 732 3477 XXIII.
745 3423 806 3474 libro
817 3433 839 3473 et
851 3424 890 3473 tic
902 3424 1026 3474 intermitte
1038 3422 1067 3473 de
1080 3423 1138 3473 libro
1150 3420 1288 3486 queaeritis

155 3488 245 3553 solium
263 3492 346 3541 vacua
373 3491 431 3554 quia
446 3490 484 3539 lic
497 3488 620 3554 plenitudo
637 3490 705 3542 deel'
730 3493 827 3543 Rursus
842 3493 932 3558 incipit
948 3495 1030 3543 codex
1047 3508 1063 3543 a
1080 3491 1094 3552 5
1109 3495 1148 3541 55.
1171 3490 1288 3540 averbis

163 3558 312 3677 Zmarqsqtq
323 3557 434 3678 ”wgemr'
452 3560 549 3690 Eaderp
561 3561 653 3610 lacuna
664 3567 702 3640 est
713 3559 1014 3681 intffls'o'prffimqu’
1023 3561 1061 3678 'V'
1076 3557 1285 3677 ἕοὶωᾳιιῗαιιὶῶ

191 3642 224 3685 ⁰⁰2
315 3643 402 3676 -06
571 3644 815 3690 ...cercumecm
935 3644 1150 3680 ...tt...

163 3693 252 3743 Dalee.
265 3695 315 3745 V'2.
333 3644 463 3757 memque
475 3665 520 3746 Vl.
539 3642 621 3757 Lretaa
633 3698 687 3747 Τὰ.
707 3695 800 3758 Lacus,
811 3693 863 3763 βγ.
883 3739 914 3748 ..
933 3713 1018 3761 equae,
1032 3666 1062 3746 d,
1075 3710 1148 3759 equo,
1165 3686 1252 3745 OVT.
1278 3662 1285 3688 ¹

197 3763 265 3825 538.
290 3769 312 3810 et
322 3761 465 3826 adpetentia,
481 3758 542 3814 OV.
564 3765 709 3829 appetentia,
722 3760 792 3831 ᾱβγ.
811 3807 842 3816 ..
867 3765 1072 3825 ιἰιυίίιιπιιινΝά.
1091 3804 1123 3812 -
1142 3769 1164 3812 et
1176 3777 1242 3823 caere,
1255 3763 1286 3813 Τ.

163 3844 228 3889 cara,
237 3830 292 3879 Vd.
306 3870 337 3879 ..
356 3828 489 3892 hebetetur,
502 3832 536 3882 V.
556 3872 586 3882 -
604 3831 726 3896 inpositae,
739 3835 773 3884 V.
786 3875 818 3883 ..
834 3849 912 3898 posse,
924 3832 957 3883 V.
971 3833 1059 3884 Omitt.
1074 3825 1145 3895 ᾱβγ.
1159 3871 1190 3881 -
1209 3829 1287 3897 moysis

164 3912 230 3956 novo,
243 3898 268 3947 V
277 3899 294 3946 ².
312 3898 388 3962 meeis
400 3914 450 3960 coo,
463 3899 510 3949 V¹.
527 3900 604 3964 meqt's
616 3899 672 3958 otio,
684 3903 737 3951 Td.
758 3942 785 3950 ..
807 3908 934 3961 austeram,
946 3902 970 3950 d.
988 3907 1098 3962 neuwen,
1111 3901 1144 3950 V.

197 3967 265 4028 §39-
283 3962 410 4028 celerrime,
423 3968 446 4015 d.
464 3965 619 4028 ceelerrimo‚
632 3968 665 4016 V.
680 4007 708 4016 ..
729 3983 750 4016 m
785 3966 1019 4032 shelitcerperad.
1036 4010 1068 4019 -
1087 3975 1161 4029 wate,
1176 3959 1285 4017 OV'I'd.

164 4038 281 4095 tantoque,
297 4026 348 4097 βγ.
367 4073 398 4082 ..
425 4032 508 4084 isinum
525 4033 644 4085 Sitaiaum
653 4034 734 4097 semo,
775 4037 806 4085 T.
832 4034 918 4086 Vinum
935 4034 967 4084 sit
981 4035 1147 4101 timasium,
1164 4035 1219 4085 Vd.
1246 4033 1287 4084 De

163 4097 217 4147 aino
233 4098 328 4150 Siluiae
346 4098 414 4162 racd,
434 4093 497 4152 Oin
512 4102 641 4152 lemmate.
665 4102 827 4167 Quamquam
842 4104 930 4153 vinum
949 4103 1076 4155 Sitninum
1093 4116 1196 4169 prorsus
1213 4101 1285 4152 noble

162 4168 320 4229 incognitum
342 4169 419 4217 modo
440 4169 548 4221 librariis
569 4185 642 4220 suam
662 4170 785 4233 originem
805 4172 891 4233 debet,
912 4181 1044 4236 corruptae
1065 4179 1150 4221 tamsn
1168 4170 1285 4219 codicum

162 4235 301 4299 scripturae
318 4235 407 4286 vitium
424 4238 543 4301 vulgatae
561 4237 728 4298 convincunt,
751 4253 816 4301 quae
837 4240 942 4305 insuper
959 4240 1042 4291 deleto
1059 4239 1145 4289 statim
1163 4236 1231 4287 infra
1247 4249 1285 4287 se·

163 4311 257 4365 queste
273 4303 352 4354 verbo
369 4304 526 4355 substantivo
543 4313 571 4356 ut
592 4305 743 4370 interpolata
759 4307 879 4370 arguitur.
906 4308 979 4359 Haec
996 4307 1064 4358 enim
1081 4319 1215 4358 sanaem
1233 4318 1286 4354 non
