2918 4800
192 284 256 346 260
546 299 749 344 sarsurus
773 298 967 345 nrsroruan

193 451 317 516 berium
333 449 514 525 Caesarem,
538 449 768 527 tristissimum,
784 461 818 513 ut
833 464 968 528 constat,
984 451 1153 526 hominem,
1175 450 1208 512 in
1224 452 1315 514 vehi-

193 555 264 618 culo
286 552 435 638 exegisse
459 551 604 628 tradunt,
636 564 667 615 et
695 552 793 634 aliqui
816 553 944 615 nomine
965 574 1092 635 quoque
1115 553 1316 616 consalutare

192 655 372 741 religiosius
386 654 521 738 putant?
544 652 633 734 Quin
656 665 688 716 et
709 653 852 718 absentis
875 653 992 717 tinnitu
1013 654 1138 718 aurium
1160 676 1315 738 praesen·
1330 672 1363 714 at

194 757 253 820 tire
276 777 440 820 sermones
461 755 502 818 dc
524 777 595 818 sese
618 766 781 839 receptum
805 766 863 818 est.
891 755 1023 819 Attalus
1044 755 1202 832 adfirmat,
1226 777 1314 820 scor·

193 856 428 942 pionevisosi
451 855 631 938 quisdicat
659 856 779 933 ‚,du0”,
809 856 949 920 cohiberi
979 877 1039 919 nec
1066 856 1192 920 vibrare
1218 856 1313 920 ictus.

193 959 239 1022 Et
262 958 412 1042 quoniam
435 958 562 1040 scorpio
583 956 765 1033 admonuit,
787 956 820 1019 in
843 957 958 1021 Africa
980 979 1075 1020 nemo
1097 957 1235 1021 destinat
1256 958 1314 1022 ali·

192 1063 272 1146 quid
294 1061 356 1124 nisi
385 1059 550 1144 praefatus
573 1058 730 1136 Africam,
757 1059 790 1120 in
820 1059 936 1123 ceteris
964 1081 1041 1123 vero
1063 1060 1215 1146 gentibus
1236 1061 1316 1125 deos

192 1177 266 1229 ante
289 1173 468 1247 optestatus
490 1172 526 1224 ut
547 1160 657 1224 velint.
695 1158 779 1224 Nam
802 1161 829 1224 si
850 1183 962 1225 mensa
984 1160 1079 1238 adsit,
1102 1162 1232 1225 anulum
1255 1185 1315 1246 po·

192 1290 268 1331 nere
292 1264 480 1328 tralatitium
495 1250 651 1326 videmus.
675 1261 875 1343 Quinetiam
890 1274 994 1326 mutas
1008 1263 1180 1348 religiones
1194 1264 1315 1349 pollere
1329 1281 1362 1323 25

192 1367 396 1431 manifestum
423 1375 481 1428 est.
515 1363 611 1428 Alius
634 1364 735 1428 saliva
757 1376 831 1448 post
852 1387 961 1428 aurem
984 1364 1085 1450 digito
1106 1367 1206 1430 relata
1228 1365 1314 1430 solli-

194 1468 368 1534 citudinem
391 1466 487 1530 animi
509 1466 671 1551 propitiat.
707 1465 854 1543 Pollioes,
878 1489 950 1530 cum
973 1467 1151 1544 faveamus,
1172 1490 1315 1552 premere

194 1571 290 1636 etiam
312 1569 483 1656 proverbio
511 1567 669 1632 iubemur.
692 1568 731 1631 In
754 1569 918 1633 adorando
941 1568 1087 1632 dextram
1108 1570 1150 1633 ad
1171 1569 1314 1634 osculum

192 1672 359 1738 referimus
382 1683 547 1753 totumque
570 1692 687 1754 corpus
715 1670 977 1756 circumagimus,
1011 1671 1097 1753 quod
1125 1671 1159 1733 in
1186 1672 1315 1735 laevum

192 1773 307 1839 fecisse
341 1770 466 1837 Galliae
498 1771 681 1858 religiosius
719 1771 862 1834 credunt.
916 1770 1088 1856 Fulgetrss
1122 1772 1314 1857 poppysmis

192 1876 326 1940 adorare
347 1896 520 1940 consensus
542 1874 685 1961 gentium
709 1886 767 1936 est.
799 1871 951 1936 Incendia
974 1873 1056 1936 inter
1077 1875 1189 1959 epulas
1210 1874 1312 1936 nomi·
1328 1887 1361 1930 26

192 1987 268 2041 nata
295 1977 387 2060 aquis
416 1975 476 2040 sub
509 1997 652 2038 mensam
688 1974 828 2058 profusis
861 1973 1092 2038 abominamur.
1129 1973 1314 2038 Recedente

193 2078 298 2162 aliquo
321 2077 361 2141 ab
383 2076 487 2162 epulis
510 2076 604 2139 simul
623 2076 708 2139 verri
729 2075 829 2139 solum
857 2085 912 2138 aut
933 2074 1063 2139 bibente
1077 2077 1211 2140 conviva
1224 2097 1314 2138 men·

193 2202 261 2244 sam
283 2179 334 2243 vel
357 2179 579 2263 repositorium
603 2177 669 2241 tolli
690 2176 1015 2260 inauspicatissimum
1029 2177 1197 2241 iudicatur.
1220 2173 1315 2240 Servi

195 2279 319 2365 Sulpici
347 2279 503 2364 principis
535 2279 599 2342 viri
633 2279 846 2343 conmentatio
875 2289 924 2342 est
959 2279 1167 2363 quamobrem
1201 2301 1315 2343 mensa

194 2382 370 2465 linquenda
391 2404 455 2444 non
478 2381 536 2457 sit3
560 2380 702 2444 nondum
724 2381 807 2443 enim
829 2380 937 2465 plures
960 2403 1056 2464 quam
1078 2381 1231 2446 convivae
1253 2403 1315 2444 nu·

228 2589 353 2707 ζιοφξζίηενη,
374 2583 494 2640 eamd.
527 2588 656 2649 dominam,
674 2585 800 2652 VR²ssyn
829 2631 857 2637 -
887 2587 976 2652 aliqui,
994 2589 1054 2638 VR.
1087 2587 1183 2652 aliqua,
1200 2593 1223 2639 d.
1254 2587 1315 2637 alio·

194 2675 248 2720 qut,
291 2694 297 2706 .

228 2762 295 2824 §ab
317 2759 551 2822 praesentium‚Vd.
572 2801 602 2808 -
626 2758 655 2807 de
666 2775 715 2807 sese
727 2767 850 2822 receptam,
864 2761 887 2808 d.
912 2756 1017 2806 decerem
1034 2767 1131 2823 ceptum,
1144 2759 1178 2808 V.
1202 2756 1314 2805 desere-

194 2823 383 2890 ceptam,Rst7.
403 2869 434 2876 ..
458 2827 609 2890 scorpionem,
623 2828 698 2876 VR¹.
717 2868 748 2875 -
774 2826 823 2875 viso
839 2827 867 2887 si,
884 2828 937 2876 Rd.
965 2826 1046 2885 virori,
1058 2827 1091 2875 V.
1112 2867 1141 2874 -
1167 2826 1313 2885 strarant

196 2936 226 2943 -
250 2893 344 2957 aliquid
358 2894 412 2952 nisi,
429 2897 505 2960 R2sl.
525 2894 573 2943 nisi
587 2893 688 2957 aliquid,
704 2896 779 2944 VR¹.
801 2937 830 2943 ..
854 2903 920 2950 ante,
939 2911 989 2943 om.
1007 2909 1025 2957 y
1042 2896 1102 2942 vitio
1121 2909 1262 2958 operarum.
1281 2933 1312 2942 -

195 2963 329 3024 obtestatus,
345 2955 453 3012 ORTc.
473 2963 608 3023 obtestatur,
621 2958 703 3025 Vssy.
724 3003 755 3010 ..
773 2962 878 3023 caulam,
892 2957 1023 3012 GVRTd
1036 2959 1121 3022 (codd.
1134 2963 1246 3012 Turnebi
1258 2962 1314 3010 adv.

195 3036 236 3092 22,
251 3029 303 3092 ll.)
321 3029 417 3090 uallum,
429 3025 458 3091 β.
478 3072 509 3079 -
529 3029 677 3090 tralatitiam,
690 3030 769 3079 Hard.
789 3029 918 3088 tralaticia,
930 3031 992 3078 VR.
1016 3028 1176 3089 translationi,
1189 3032 1212 3078 d.
1236 3037 1314 3076 trans-

196 3097 305 3159 latitium,
317 3094 346 3160 β
365 3098 482 3148 Ceterum
495 3100 571 3148 verba
583 3097 649 3148 Nam
661 3097 684 3145 si
691 3139 720 3147 ,
729 3096 833 3145 videmus
849 3113 901 3146 non
914 3114 959 3146 suo
971 3098 1029 3146 loco
1041 3099 1126 3160 posita
1137 3113 1191 3146 esse
1203 3105 1313 3160 apparet.

194 3168 332 3230 Hucusque
357 3168 425 3216 enim
449 3169 479 3214 dc
502 3167 553 3216 illis
574 3169 651 3215 modo
676 3167 841 3228 religionibus
861 3167 959 3215 Plinius
981 3168 1081 3214 locutus
1102 3174 1153 3224 cst,
1178 3167 1203 3213 in
1224 3166 1315 3228 quibus

194 3238 329 3284 utebantur
344 3235 438 3295 verbis3
456 3236 507 3283 iam
523 3235 606 3284 subito
623 3235 655 3282 ad
668 3235 768 3282 tacitam
781 3235 892 3296 aliquam
909 3234 1056 3305 religionem
1069 3234 1167 3293 transit,
1181 3248 1245 3295 quse
1256 3247 1315 3281 cum

195 3303 365 3366 superioribus
381 3304 453 3351 nulla
468 3303 566 3352 ratione
584 3303 711 3361 cohaeret,
728 3303 788 3350 licet
805 3304 862 3350 cum
880 3301 909 3350 iis
921 3316 967 3364 per
978 3301 1128 3364 particulam
1141 3317 1195 3348 nam
1208 3301 1314 3349 coniun-

195 3379 275 3432 gatur.
293 3372 334 3420 De
346 3371 430 3420 tacitis
442 3386 500 3419 vcro
513 3371 564 3419 sive
576 3371 652 3418 mutis
664 3371 829 3431 religionibus
845 3371 930 3418 statim
946 3369 1012 3417 infra
1024 3371 1126 3418 demum
1139 3370 1252 3431 loquitur
1263 3367 1314 3416 Pli-

195 3439 259 3497 nius,
278 3440 347 3501 quod
364 3454 389 3486 sc
406 3438 532 3487 lecturum
549 3452 604 3486 esse
621 3439 674 3500 ipse
691 3445 798 3486 testatur
814 3452 847 3485 ex
863 3438 1000 3487 certissima
1011 3437 1116 3485 Ferrarii
1130 3437 1314 3485 emendatione.

195 3506 250 3554 Iam
268 3521 324 3554 cum
341 3506 407 3554 iufra
422 3507 490 3554 varia
507 3507 538 3553 de
555 3505 772 3567 superstitionibus
790 3506 815 3552 in
828 3506 921 3553 mensis
934 3513 1074 3564 narrentur,
1093 3506 1168 3553 credo
1181 3505 1265 3562 verbs,
1284 3505 1315 3551 de

196 3575 285 3636 quibus
298 3574 347 3622 iam
362 3574 452 3635 rigitur,
463 3582 506 3621 sut
519 3589 577 3622 casu
590 3588 622 3620 ex
634 3572 751 3621 inferiore
762 3573 821 3621 loco
832 3572 920 3634 (quem
929 3571 1005 3621 fuisse
1017 3580 1079 3634 puto
1092 3575 1106 3635 ξ
1117 3576 1156 3621 26.
1170 3579 1229 3634 post
1240 3572 1316 3619 verba

195 3641 432 3703 iiiauspr'caticsinuuu
450 3638 581 3700 iudicatur)
602 3641 653 3689 huc
669 3642 791 3702 migrasse
808 3648 862 3695 aut,
883 3641 902 3689 si
924 3655 982 3688 vers
1002 3648 1040 3688 est
1060 3641 1193 3702 ingeniosa
1209 3638 1314 3702 Bergkii

195 3711 313 3772 suspicio,
334 3725 364 3757 ea
377 3725 392 3756 s
403 3708 487 3758 Plinio
500 3709 555 3771 ipso
568 3709 675 3769 rnsrgini
688 3709 805 3770 apposita
817 3708 883 3755 male
896 3709 946 3756 huc
957 3708 1051 3755 inserta
1063 3707 1147 3757 luisse.

229 3812 297 3872 525.
325 3808 387 3865 Quin
399 3809 477 3867 etium,
494 3811 560 3858 Pint.
578 3802 658 3858 GVK
677 3806 761 3868 (codd.
774 3806 908 3869 Turnebi).
931 3807 1040 3869 quociens
1054 3807 1225 3866 elianam.
1250 3804 1314 3852 vidc-

197 3893 247 3924 ruus
264 3877 373 3939 quoniam
389 3876 475 3924 multus
491 3877 569 3936 etium,
587 3893 606 3926 r.
625 3875 695 3922 etiam
712 3875 829 3936 quoniam,
846 3871 874 3934 β.
897 3916 922 3923 -
944 3883 1029 3934 mutas,
1042 3875 1138 3923 Ferrar.
1152 3876 1224 3922 elect.
1238 3878 1261 3931 2,
1276 3876 1314 3920 17.

196 3943 290 4004 militas,
307 3940 466 4007 &Vitussp
488 3986 517 3993 -
537 3943 669 4007 relegisses,
683 3944 715 3991 V.
734 3984 765 3991 -
791 3942 874 4003 Alius3
893 3945 984 3992 mirum
998 3952 1036 3990 est
1051 3944 1178 3990 neminem
1193 3958 1225 3989 cx
1237 3942 1315 3989 inter-

197 4014 308 4075 pretibus
325 4014 366 4061 hic
383 4014 501 4061 lacunam
518 4027 572 4061 esse
588 4012 685 4060 vidisse.
708 4011 811 4059 Excidit
826 4011 922 4059 scilicet
936 4019 995 4059 ante
1007 4011 1078 4058 illam
1090 4025 1180 4057 vocem
1193 4009 1317 4057 sententia

197 4080 228 4128 ab
246 4082 334 4128 codem
353 4082 477 4128 adiectivo
496 4079 559 4127 alius
576 4080 711 4142 incipiens,
735 4093 785 4140 qua
802 4080 888 4128 itidem
907 4087 979 4136 muts
995 4079 1081 4140 aliqua
1097 4077 1186 4138 religio
1204 4090 1316 4138 expone-

197 4149 278 4196 batur.
308 4148 350 4196 Ab
371 4148 416 4195 illo
437 4147 508 4195 Alius
532 4149 649 4195 librarius
672 4148 704 4195 ad
726 4155 856 4209 posterum
880 4155 994 4195 nostrum
1015 4144 1100 4204 Alius,
1127 4154 1155 4192 nt
1175 4144 1316 4192 sexcenties

198 4214 301 4275 sectum,
320 4217 400 4264 oculis
412 4217 534 4265 aberravit
546 4215 659 4278 illudque
671 4229 728 4263 cnm
741 4216 821 4263 verbis
836 4214 998 4276 sequentibus
1011 4213 1104 4261 omisit.
1124 4252 1153 4259 -
1172 4210 1254 4258 salisa
1263 4217 1317 4273 port

198 4300 287 4342 arerem,
302 4286 370 4332 ll'd.
399 4282 527 4330 calleamus
536 4299 643 4346 perirem,
656 4283 688 4330 V.
713 4280 842 4329 salivarum
855 4289 1008 4343 [restaurem.
1021 4281 1065 4328 Ri.
1086 4320 1115 4326 -
1141 4277 1218 4338 dicito,
1232 4279 1264 4327 V.
1286 4318 1314 4326 ..
