2918 4800
145 282 206 345 284
493 299 697 346 naruuams
720 299 913 346 nrsroama

142 448 281 514 Renium
302 472 420 515 nervos
441 461 536 536 potos
557 451 591 513 in
613 450 688 514 vino
716 474 789 516 oum
817 460 887 515 ture
916 450 1142 517 fecunditatem
1170 453 1266 516 resti-

144 561 233 615 tuere
261 552 442 638 ademptam
472 552 643 629 venefici03
674 553 801 616 volvam
827 574 900 616 cum
926 552 1000 615 meli
1028 554 1136 638 punici
1164 554 1268 618 dulcis

143 652 260 718 cortice
286 654 319 716 in
346 664 425 738 potu
454 655 563 719 datam
590 654 746 739 prodesse
773 655 942 719 mulierum
972 656 1101 730 volvae;
1131 655 1226 741 adipe
1248 678 1268 720 a

141 754 258 820 lumbis
281 755 381 820 suffiri
403 757 560 840 parientis
582 757 755 821 difficulter
778 768 810 822 et
833 757 940 820 statim
963 779 1087 841 parere.
1117 757 1147 820 E
1171 757 1267 823 dorso
1283 775 1331 819 loa

141 856 313 922 medullam
335 859 540 944 adalligatam
555 870 666 924 contra
681 881 779 923 vanas
794 859 919 943 species
933 859 1093 945 opitulari,
1118 859 1267 945 spasticis

141 959 279 1046 genitale
302 983 320 1025 e
343 961 484 1025 maribus
509 960 630 1037 suffitu,
652 961 730 1024 item
744 960 966 1045 lippientibus,
988 962 1093 1046 ruptis
1109 973 1141 1025 et
1156 970 1268 1026 contra

62 1074 67 1085 ’
139 1061 405 1127 inflammationes
428 1073 573 1127 servatos
596 1062 695 1147 pedes
710 1072 808 1140 tactu,
830 1063 938 1127 laevos
954 1062 1093 1127 dexteris
1108 1062 1266 1148 partibus,

142 1161 292 1228 dexteros
314 1164 425 1228 laevis.
455 1162 631 1228 Sinistrum
654 1163 769 1248 pedem
792 1163 988 1250 superlatum
1010 1165 1197 1249 parturienti
1219 1166 1267 1229 le-

141 1265 236 1328 talem
259 1287 340 1342 esse,
369 1264 482 1329 dextro
509 1265 606 1329 inlato
636 1265 731 1333 facile
753 1265 840 1329 eniti.
877 1263 1102 1330 Membranam
1121 1289 1204 1350 quae
1225 1267 1267 1330 fel

141 1365 333 1430 continuerit
354 1365 509 1431 cardiacis
530 1377 640 1450 potam
662 1366 696 1430 in
718 1366 794 1431 vino
808 1365 859 1430 vel
875 1366 908 1429 in
924 1364 996 1430 cibo
1016 1378 1177 1452 sumptam
1192 1390 1265 1432 suc·

141 1489 279 1547 currere,
303 1468 441 1532 vesicam
463 1468 496 1531 in
519 1468 593 1533 vino
608 1479 717 1554 potam
732 1479 842 1534 eontra
855 1468 968 1533 urinae
984 1470 1265 1548 incontinentiam

141 1591 222 1653 quae
250 1582 356 1635 autem
383 1571 416 1633 in
445 1571 551 1635 vesica
572 1571 701 1634 inventa
724 1569 765 1634 sit
786 1570 889 1648 urina,
919 1570 1038 1634 additis
1061 1572 1131 1637 oleo
1154 1596 1191 1637 ac
1214 1596 1266 1638 se-

141 1671 237 1735 samis
260 1681 291 1736 et
312 1672 414 1750 melle,
438 1672 584 1737 haustam
607 1672 761 1758 prodesse
783 1672 1000 1757 aegrimoniae
1016 1672 1125 1737 veteri.
1149 1670 1266 1737 Costa·
1282 1690 1330 1733 ror

140 1794 211 1835 rum
242 1773 377 1857 primam
405 1784 438 1838 et
465 1784 608 1838 octavam
636 1774 746 1838 suffitu
775 1773 881 1858 ruptis
911 1773 1080 1838 salutarem
1107 1796 1194 1851 esse,
1225 1797 1265 1838 ex

141 1873 235 1958 spina
267 1897 343 1938 vero
376 1875 629 1960 parturientibus
663 1898 756 1953 ossa,
794 1875 984 1960 sanguinem
1025 1898 1097 1940 cum
1136 1876 1266 1962 polenta

141 1987 305 2061 sumptum
328 1977 534 2054 torminibus3
564 1978 675 2041 eodem
697 1977 791 2042 tactis
813 1976 959 2062 postibus
982 1977 1174 2060 ubicumque
1196 1999 1264 2040 ma-

139 2097 253 2162 gorum
282 2078 427 2143 infestari
457 2079 545 2156 artis,
573 2102 636 2142 non
660 2079 732 2144 elici
754 2079 832 2144 deos
860 2101 919 2143 nec
941 2078 1098 2162 conloqui,
1126 2078 1193 2142 sive
1215 2077 1265 2141 lu·

139 2178 243 2242 cernis
266 2179 332 2244 sive
354 2181 451 2265 pelvi,
482 2180 551 2245 sive
573 2202 657 2263 aqua
680 2181 747 2245 sive
769 2180 845 2265 pila,
873 2179 940 2243 sive
969 2202 1032 2263 quo
1061 2180 1123 2244 alio
1144 2200 1266 2266 genere

141 2287 324 2366 temptetur.
364 2279 486 2346 Carnes
515 2282 541 2346 si
570 2282 722 2360 edantur,
751 2292 863 2346 contra
888 2281 993 2347 rabidi
1022 2281 1111 2345 canis
1138 2302 1266 2344 morsus

141 2380 282 2446 efficacis
312 2404 398 2460 esse,
432 2382 605 2446 etiamnum
632 2383 723 2447 iocur
750 2383 922 2447 efficacius.
967 2380 1084 2447 Carnis
1112 2382 1164 2446 vel
1192 2402 1266 2445 ossa
1281 2397 1329 2441 105

140 2480 278 2545 hominis
304 2504 387 2565 quac
414 2483 448 2545 in
475 2483 652 2548 ventriculo
680 2487 801 2547 occisae
828 2483 1032 2548 inveniantur
1061 2483 1173 2547 suffitu
1205 2503 1264 2567 po-

141 2579 283 2665 dagricis
305 2583 469 2660 auxiliari3
492 2583 520 2646 si
541 2606 668 2668 ungues
690 2584 895 2649 inveniantur
916 2585 950 2648 in
972 2584 1032 2661 his,
1055 2594 1189 2647 mortem
1205 2583 1263 2646 ali-

142 2683 234 2747 cuius
256 2684 448 2768 capientium
471 2684 658 2770 significari.
695 2685 911 2750 Excrementa
939 2685 1007 2749 sive
1034 2707 1108 2749 ossa
1129 2683 1264 2760 reddita,

175 2853 285 2936 Remum,
299 2851 452 2908 OVRTdr.
475 2855 596 2937 mrumst
612 2861 645 2908 ad
661 2860 794 2922 superiora
804 2859 915 2937 referens
928 2861 972 2920 ita,
989 2867 1018 2909 at
1030 2875 1045 2908 a
1057 2857 1151 2936 Nervae
1162 2859 1265 2921 incipiat

141 2938 210 3037 tlt*
225 2927 404 3041 limile}
417 2925 679 3056 tt‘lll’dl...]
700 2925 956 3058 imarii-“ltili
980 2923 1263 3057 tttdlclla

141 3029 225 3109 VRd.
250 3010 587 3125 dtsJ-tcutrefpassientu‚'ss7.
635 3031 683 3055 Ἰ,
726 3031 731 3042 ¹
790 3011 808 3058 p
850 3032 856 3055 ⁹
917 3032 973 3044 ι’
1159 3046 1161 3054 ’
1258 3029 1264 3051 l

176 3159 190 3218 ἓ
205 3167 261 3210 103.
284 3161 395 3223 medulla,
407 3164 440 3213 V.
461 3205 492 3212 ..
509 3163 627 3226 spectiora,
639 3165 726 3214 VRd.
749 3163 892 3227 ischiadicis,
904 3183 923 3214 r.
944 3206 973 3214 -
994 3162 1136 3228 timentibus,
1150 3163 1213 3212 VR.
1233 3203 1263 3210 -

142 3227 348 3290 irfiurnmatioaea
360 3234 411 3282 Rd.
440 3230 581 3294 nutationes,
597 3224 686 3282 OVT.
706 3275 736 3282 -
760 3241 867 3281 servatos
885 3234 944 3295 quid
963 3233 989 3280 h.
1001 3233 1018 3280 l.
1037 3233 1085 3282 sibi
1103 3232 1172 3288 velit,
1188 3245 1265 3279 nemo

142 3295 218 3345 facile
230 3300 348 3360 explicet.
367 3300 430 3348 Vox
441 3308 566 3363 corrupte,
579 3307 606 3349 et
618 3302 679 3362 quid
690 3302 717 3349 in
730 3301 822 3350 talibas
834 3301 934 3363 ineptiis
946 3315 1034 3349 verum
1046 3301 1086 3360 sit,
1099 3299 1142 3347 vix
1154 3299 1265 3346 invenia-

142 3372 190 3414 tnr.
208 3364 275 3413 Num
289 3366 507 3429 forteseraesactoe
520 3368 696 3417 scribendum?
710 3408 741 3416 ..
761 3376 824 3417 tuctu
837 3366 921 3427 meaos,
935 3368 988 3416 Rd.
1007 3365 1109 3415 tactulae
1122 3381 1174 3426 vox,
1186 3366 1220 3414 V.
1234 3407 1264 3413 -

142 3429 246 3479 dexteris
258 3442 283 3481 et
295 3432 411 3492 dexteros,
423 3434 475 3483 Rd.
495 3432 585 3482 derare
597 3444 622 3484 et
633 3433 735 3494 dextros,
749 3431 830 3499 1Ῑβγ.
845 3476 875 3484 ..
893 3434 1023 3497 superlata,
1033 3435 1066 3483 V.
1082 3475 1112 3482 -
1131 3433 1183 3492 niti,
1197 3435 1221 3481 (1.
1235 3474 1265 3480 -

142 3499 288 3561 continuerit,
309 3495 448 3551 OVRTu.
476 3502 635 3563 continuerat,
652 3519 670 3552 r.
698 3503 828 3563 contineat,
844 3499 873 3563 β
898 3543 927 3551 -
953 3509 1043 3564 potam,
1061 3503 1076 3550 d
1094 3500 1179 3564 (codd.
1197 3497 1266 3560 Gel.)

139 3573 207 3629 pota,
220 3569 282 3617 VR.
302 3609 331 3617 ..
351 3577 454 3632 sumptu,
468 3571 499 3619 V.
520 3611 551 3619 ..
568 3586 685 3631 succurre,
698 3572 748 3619 R2.
767 3578 849 3618 contra
859 3585 1002 3630 succurrere,
1015 3571 1097 3619 VTd.
1121 3577 1204 3616 contra
1215 3584 1266 3616 suc-

142 3650 217 3690 curre,
234 3636 279 3684 R'.
299 3676 330 3684 -
355 3637 459 3697 secantes,
474 3639 528 3687 Td.
555 3636 664 3698 redamas,
677 3638 711 3686 V.
738 3637 840 3696 sedanda,
853 3638 884 3686 R.
911 3653 1009 3697 sesamo,
1025 3633 1075 3699 βγ.
1097 3676 1126 3684 ..
1149 3635 1267 3693 haustam,

143 3703 216 3750 codd.
230 3702 285 3753 Gel.
304 3703 389 3764 ariam,
402 3706 465 3754 VR.
484 3704 528 3752 das
539 3703 596 3763 iam,
609 3708 633 3753 (1.
653 3745 684 3752 -
703 3704 870 3768 aeprimoniae,
883 3707 957 3755 codd.
968 3705 1074 3754 Barbari
1086 3713 1112 3753 et
1124 3704 1181 3754 Gel.
1204 3702 1267 3751 acri-

143 3768 243 3829 moniae,
255 3772 280 3820 K
292 3769 347 3830 (alii
361 3774 434 3822 codd.
447 3769 573 3832 Barbari).
593 3770 744 3835 aeqrimone'o,
757 3776 780 3823 (1.
804 3772 941 3835 eqrimonio,
954 3774 1034 3821 vat
1058 3769 1123 3820 melli
1133 3770 1267 3835 oprimento,

144 3836 189 3885 R'.
208 3853 312 3900 arqerno,
325 3840 367 3888 alii
381 3843 453 3890 codd.
466 3840 579 3889 Barbari.

179 3935 192 3996 ξ
209 3944 264 3987 104.
282 3940 368 4003 raptis,
385 3935 443 3991 θΤ.
462 3982 492 3990 ..
511 3940 579 4003 pina,
592 3942 626 3988 V.
641 3981 671 3989 ..
690 3957 751 4001 aero,
765 3956 815 3990 om.
829 3945 852 3991 d.
872 3983 902 3990 -
921 3942 1037 4005 sanquine
1049 3952 1075 3990 et
1086 3948 1184 4004 sumpto,
1197 3943 1221 3989 d.
1236 3980 1265 3988 -

145 4005 267 4068 infestant,
279 4008 310 4056 T.
326 4048 357 4057 ..
376 4008 425 4056 sive
438 4007 543 4068 lucerne,
557 4011 572 4057 d
585 4008 672 4068 (codd.
686 4008 758 4073 Gel.)
775 4008 826 4058 sine
838 4007 945 4070 lucernis,
959 4005 1046 4070 VRss.
1062 4050 1089 4058 ,
1108 4007 1180 4072 pelvi,
1193 4008 1267 4056 codd.

144 4072 200 4122 Gcl.
229 4072 373 4134 lai,V¹R¹.
398 4074 585 4139 pului,V²R'².
611 4068 673 4143 (lsai,
690 4080 714 4126 (1.
740 4076 847 4140 peluntur
862 4078 902 4126 vel
916 4076 1019 4140 plaude,
1035 4078 1143 4126 Barbar.
1163 4118 1193 4125 ..
1218 4074 1268 4122 sive

144 4157 160 4189 a
177 4159 216 4199 ua,
233 4142 315 4191 VRd.
342 4142 392 4190 eive
409 4143 459 4191 aiau
474 4143 524 4191 siae
540 4160 617 4207 aqua,
634 4145 666 4194 K.
691 4187 721 4194 ,..
748 4162 800 4208 quo.
816 4146 871 4194 Rd.
899 4143 973 4207 quod,
994 4139 1052 4193 OV.
1078 4185 1107 4192 -
1138 4151 1267 4207 temptetur,

174 4211 247 4261 VR¹.
267 4217 411 4271 temptentur.
423 4206 541 4275 R²dssr.
562 4253 592 4261 ..
610 4211 693 4261 rabidi
704 4213 778 4274 cante,
790 4215 874 4264 VRd.
896 4213 963 4260 cane
975 4210 1061 4272 rabidi,
1073 4207 1122 4274 βγ,
1144 4252 1173 4260 ..
1193 4210 1267 4259 etian-

145 4293 205 4338 num,
218 4278 251 4326 V.
272 4319 301 4325 .-
321 4277 392 4338 iecur,
406 4281 469 4328 VR.
489 4279 561 4339 iecur,
574 4275 645 4342 (Ιβγ.
