2918 4800
325 256 329 267 ’
398 301 467 347 nra.
485 302 583 347 xxvr.
614 299 837 348 cnr.x1.x11.
866 298 963 347 seor.
979 301 1060 344 rs-re.
1231 284 1290 347 197

168 464 223 519 aut
236 463 328 519 aceto
335 477 343 528 3
367 452 499 539 prodest
521 464 552 517 et
575 451 649 516 vino
671 463 794 536 myrteo
817 453 936 529 fovere,
950 506 987 515 -
1006 462 1131 516 mentae
1150 462 1289 531 sextans,

167 554 233 620 vivi
262 553 425 640 sulphuris
453 554 547 617 uncia
576 577 615 616 cx
643 563 732 617 aceto
761 553 854 617 simul
877 553 967 632 trita,
997 552 1097 638 fuligo
1125 576 1166 617 cx
1188 563 1290 619 aceto.

166 656 258 743 Ignis
281 656 362 720 sacri
385 656 479 741 plura
502 665 576 719 sunt
597 677 717 743 genera
745 655 830 718 inter
857 677 939 739 quae
966 654 1107 718 medium
1129 654 1290 721 hominem

167 757 310 822 ambiens
332 757 388 841 qui
410 767 517 821 zoster
531 765 664 821 vocatur
678 766 710 820 et
726 766 839 821 enecat
855 755 881 820 si
891 755 999 857 ,cinxit
1005 779 1014 831 3
1037 755 1183 820 medetur
1198 757 1290 842 plan·

167 871 243 944 tago
266 882 338 924 cum
361 869 448 923 creta
472 855 609 922 Cimolia
631 867 663 922 et
685 857 879 942 peristereos
900 879 960 941 por
989 880 1033 934 se,
1064 856 1156 921 radix
1178 880 1289 942 perso·

166 961 265 1038 latae3
296 959 366 1025 aliis
393 982 478 1044 quae
500 969 635 1044 serpunt
658 958 857 1043 cotyledonis
879 958 972 1023 radix
994 979 1066 1023 cum
1094 959 1213 1035 mulso,
1242 958 1290 1022 ai-

167 1084 272 1138 zoum,
296 1083 391 1127 sucus
413 1084 431 1126 e
453 1060 600 1126 linozosti
623 1082 664 1125 ex
685 1071 784 1125 aceto.

209 1162 292 1227 XII.
315 1164 366 1227 75.
388 1161 495 1226 Radix
517 1161 671 1248 polypodi
693 1161 785 1226 inlita
807 1160 925 1225 luxatis
947 1160 1102 1239 medetur,
1131 1161 1289 1235 dolorem·
1306 1180 1353 1224 raa

166 1260 228 1347 que
250 1275 281 1355 et
306 1275 447 1328 tumores
469 1264 584 1329 tollunt
613 1285 723 1328 semen
750 1263 859 1348 psylli,
887 1262 964 1326 folia
992 1262 1186 1349 plantaginis
1215 1261 1291 1325 trita

167 1366 233 1431 sale
255 1366 378 1431 modice
401 1365 522 1442 addito,
550 1364 696 1430 verbasci
726 1386 834 1430 semen
864 1387 905 1429 ex
928 1365 1003 1429 vino
1026 1364 1193 1429 decoctum
1214 1385 1289 1428 con-

166 1467 286 1545 tritum,
309 1467 416 1533 cicuta
438 1490 510 1532 cum
533 1466 683 1554 axungia.
706 1465 799 1531 Folia
818 1466 980 1552 ephemeri
996 1466 1162 1532 tuberibus
1186 1476 1290 1531 tumo-

164 1566 318 1652 ribusque
340 1568 518 1632 inlinuntur
537 1589 621 1651 quae
645 1567 810 1631 etiamtum
832 1566 951 1632 discuti
972 1578 1116 1652 possunt.

209 1670 260 1734 to.
281 1668 433 1735 Morbum
455 1669 580 1757 regium
603 1669 636 1732 in
658 1667 758 1732 oculis
779 1668 952 1755 praecipue
969 1669 1079 1732 mirari
1101 1681 1161 1747 est,
1185 1671 1289 1735 tenui-
1306 1687 1353 1732 raa

166 1780 265 1834 tatem
286 1771 380 1834 etiam
402 1769 659 1855 densitatemque
681 1769 896 1834 tunicularum
919 1768 990 1834 felle
1015 1769 1181 1836 subeunte.
1204 1770 1290 1856 Hip·

165 1882 313 1956 pocrates
335 1896 355 1936 a
377 1872 597 1960 septumo-die
611 1873 645 1936 in
660 1871 743 1936 febri
758 1869 956 1936 mortiferum
971 1871 1100 1958 signum
1114 1871 1289 1950 essedioit,

165 1994 224 2036 nos
251 1972 370 2039 scimus
398 1968 519 2047 vixisse
548 1973 671 2057 aliquos
699 1973 794 2038 etiam
821 1972 862 2038 ab
894 1973 955 2038 hac
983 1972 1221 2057 desperatione3
1256 1974 1291 2038 fit

165 2098 242 2141 vero
265 2087 297 2142 et
319 2077 399 2142 citra
419 2076 519 2142 febris
541 2087 812 2163 expugnaturque
834 2075 997 2140 centaurio
1013 2075 1132 2139 maiore
1147 2085 1183 2141 ut
1204 2076 1288 2140 dixi-

164 2201 237 2243 mus
265 2192 357 2265 poto,
386 2177 573 2255 Vettonica,
603 2176 725 2263 agarici
755 2176 856 2242 obolis
884 2177 987 2242 tribus
1015 2199 1054 2242 ex
1082 2177 1149 2242 vini
1171 2179 1290 2244 veteris

165 2279 297 2364 cyatho,
330 2281 408 2345 item
434 2279 635 2344 verbenacae
661 2277 738 2343 solio
770 2278 873 2344 obolis
901 2277 1003 2343 tribus
1032 2301 1073 2344 ex
1100 2280 1168 2344 vini
1196 2279 1289 2346 calidi

164 2381 293 2446 hemina
319 2381 491 2467 quatriduo
498 2407 508 2459 ;
539 2381 595 2446 scd
619 2381 784 2446 celerrime
806 2381 1004 2465 quinquefoli
1026 2404 1122 2447 sucus
1144 2383 1290 2448 medetur
1304 2399 1352 2443 124

166 2484 268 2550 tribus
291 2484 416 2570 cyathis
436 2495 530 2571 potus
550 2506 622 2548 oum
643 2483 709 2548 sale
729 2493 762 2548 et
783 2484 892 2561 melle3
915 2483 1085 2568 cyclamini
1105 2484 1199 2549 radix
1214 2486 1288 2550 dra-

165 2665 189 2720 9,
205 2666 226 2709 i.
246 2702 277 2709 -
299 2659 453 2723 primumque,
470 2653 620 2710 evasae
637 2658 776 2722 (Murbac.)
800 2661 929 2723 primoque,
940 2656 992 2724 βγ.
1012 2701 1043 2710 ..
1058 2662 1138 2725 sumo,
1151 2662 1222 2711 B'2a.
1241 2662 1287 2722 fu-

164 2743 234 2788 mum,
244 2729 310 2778 vit*
318 2729 370 2778 Τά.
384 2768 414 2776 -
434 2726 541 2776 tunditur
553 2745 572 2791 e,
586 2721 664 2778 OTd.
683 2727 810 2789 tudituroe,
820 2730 852 2778 V.
872 2726 978 2777 tunditur
989 2729 1020 2787 iu,
1031 2729 1075 2780 Ra
1086 2729 1228 2791 (Murbac.)
1236 2726 1287 2794 βγ.

165 2836 195 2844 ..
215 2804 311 2860 myrteo,
323 2797 443 2847 vasu.
462 2811 562 2860 mprrec,
575 2799 610 2845 [ι’.
629 2796 733 2860 myrtico,
747 2791 775 2845 θ.
791 2837 820 2845 ..
839 2805 925 2844 mentes
937 2804 1040 2857 exstans,
1053 2815 1075 2847 a.
1090 2839 1121 2846 -
1139 2796 1250 2861 sulpuris,
1263 2813 1286 2847 a.

165 2904 196 2912 ..
215 2864 306 2924 undae,
320 2867 349 2914 R.
369 2905 400 2913 ..
418 2863 490 2912 simul
502 2864 567 2924 tritu,
577 2863 660 2928 suliqo
672 2880 701 2912 cs
712 2871 786 2923 aceto,
799 2880 850 2913 om.
864 2881 886 2914 a.
907 2905 936 2912 -
956 2872 1061 2926 uocatur,
1077 2857 1222 2917 OVRadr.
1243 2882 1287 2930 ap-

162 2929 279 2994 pellatur,
295 2928 346 2995 βγ.
366 2973 396 2981 ..
420 2940 513 2994 enccat,
530 2934 599 2983 Ru.
622 2940 703 2992 uacat,
720 2927 842 2983 8VR¹d
863 2974 891 2982 ..
911 2932 934 2980 si
949 2932 1119 2993 anxium
1142 2933 1165 2982 si
1179 2934 1245 2996 cinci,
1264 2950 1287 2984 a.

164 2999 198 3047 sic
208 3037 213 3048 .
224 2998 291 3062 XII,
304 3001 337 3050 V.
355 2999 390 3048 sic
401 2999 454 3060 XI,
466 3002 511 3050 3¹.
530 2999 553 3048 st'
563 2999 670 3060 cinxerit,
682 2995 732 3065 βγ.
751 3040 782 3050 ..
800 2999 922 3063 peristccs,
934 3002 979 3050 R¹.
998 3042 1029 3050 ..
1046 2999 1189 3064 persolutae,
1201 3006 1236 3051 a'.
1256 3043 1287 3051 -

164 3083 220 3130 quc,
233 3083 255 3116 a.
270 3108 301 3116 ..
317 3065 464 3128 cctclcdcm's,
473 3069 507 3118 V.
521 3110 552 3118 ..
571 3067 680 3129 cilzcum,
690 3084 712 3116 a.
727 3108 758 3117 ..
777 3083 789 3116 e
801 3067 916 3130 linozosti,
927 3062 1083 3120 ovasse.
1102 3067 1227 3130 linozostis,
1236 3064 1286 3132 βγ.

198 3165 213 3224 §
227 3167 283 3211 122.
301 3158 412 3217 medetur,
424 3160 476 3210 Ra.
495 3159 622 3220 medentur,
635 3161 690 3211 Vc.
709 3200 740 3210 -
759 3159 906 3224 doloremqui
917 3168 939 3209 et
951 3169 983 3208 tot
995 3168 1102 3222 tumores,
1115 3176 1138 3210 a.
1157 3202 1188 3210 ..
1205 3159 1286 3226 psylli,

163 3231 217 3279 Va.
238 3228 328 3294 psyllii,
341 3224 491 3293 Rdss2c-
516 3228 581 3289 trita,
598 3220 737 3277 OvRTd.
764 3227 869 3289 citrc,a.
894 3236 954 3290 tusc,
970 3224 1020 3292 βγ.
1040 3269 1071 3277 ..
1094 3226 1189 3289 modice,
1206 3222 1286 3279 θνα.

163 3294 261 3357 modico,
273 3292 371 3360 Rdssy.
390 3338 421 3346 ..
440 3313 477 3356 ec,
488 3298 580 3347 R²ad.
598 3296 687 3347 Omitt.
700 3295 775 3345 VR'.
794 3336 824 3345 -
847 3294 978 3358 contritum,
991 3297 1083 3346 R²ad.
1108 3294 1196 3357 tritum,
1209 3297 1286 3347 VR'.

163 3372 186 3413 et
201 3364 333 3426 contritum,
344 3361 394 3429 βγ.
414 3406 445 3414 ..
470 3364 585 3413 tubmbus
601 3362 779 3427 tumoribusque,
796 3364 841 3413 ad.
866 3363 983 3413 tubcrrbus
1000 3361 1135 3421 tumoribus,
1147 3365 1209 3414 VR.
1233 3365 1286 3415 ube-

162 3449 214 3549 Zm
232 3432 366 3561 modim,
378 3449 398 3482 r.
421 3434 458 3483 At
468 3448 492 3482 v.
504 3433 621 3482 Dioscor.
634 3438 658 3493 t,
670 3435 711 3481 85.
730 3471 762 3480 ..
784 3430 912 3494 etiamtum,
926 3450 948 3483 a.
971 3439 994 3480 et
1005 3439 1103 3494 tanum,
1119 3425 1179 3482 GV.
1203 3431 1286 3481 etiem·

196 3501 283 3562 m,Rd
315 3514 340 3564 γ.

197 3597 211 3657 5
225 3600 281 3644 123.
296 3594 433 3658 praecipue,
446 3610 497 3644 om.
510 3587 539 3644 θ.
553 3635 582 3644 ..
596 3595 675 3657 etiam,
688 3587 804 3646 OVRT.
823 3593 897 3658 illam,
909 3590 999 3660 adssr.
1017 3595 1124 3660 Scripsit
1134 3595 1201 3646 Plin.
1214 3595 1286 3644 etiam

163 3659 230 3709 illum
245 3662 261 3710 i.
274 3677 295 3712 e.
307 3678 361 3712 non
376 3665 452 3713 modo
469 3672 577 3715 ceteram
590 3665 702 3728 corporis
715 3673 806 3726 cutem,
819 3667 863 3714 sed
875 3665 952 3714 ctiam
964 3665 1035 3714 illam
1046 3663 1100 3714 rell.
1120 3705 1151 3712 -
1171 3661 1285 3713 turucht-

162 3745 222 3790 rum,
235 3730 286 3779 Ra.
306 3728 465 3791 teuimlwum,
478 3732 510 3781 V.
531 3731 670 3794 tunicarum,
685 3728 756 3796 dssr.
776 3773 807 3782 ..
825 3733 953 3792 subeuntes,
966 3732 1028 3782 VR.
1047 3773 1078 3781 -
1097 3738 1152 3780 cate
1163 3731 1285 3794 septimum

162 3795 235 3858 diere,
253 3799 350 3847 Valles.
367 3809 518 3849 controvers.
535 3803 601 3851 med.
618 3816 642 3865 p.
659 3807 716 3852 433.
733 3816 766 3850 ex
783 3802 930 3865 Hippocrat.
943 3801 1033 3864 aphor.
1046 3805 1070 3859 4,
1084 3806 1124 3849 62.
1137 3809 1162 3848 et
1175 3806 1224 3861 64,
1242 3801 1284 3864 qui

162 3865 216 3929 ipse
232 3874 317 3915 tamen
333 3868 412 3915 morb.
429 3868 520 3917 intem.
536 3868 557 3917 I.
571 3875 594 3929 4,
608 3875 631 3918 2.
648 3884 705 3918 earn
721 3884 797 3931 quam
816 3869 841 3917 h.
854 3869 871 3917 l.
888 3869 910 3917 ei
922 3869 1021 3917 Plinius
1034 3868 1119 3917 tribuit
1133 3869 1284 3919 sententiam

162 3941 253 3984 tuctur.
273 3973 304 3983 ..
315 3932 391 3995 febri,
407 3925 464 3984 OR.
474 3935 555 3998 febre,
567 3931 689 3999 Vadfir.
709 3977 740 3984 -
758 3935 824 3996 dicit,
837 3929 976 3986 OVRTd.
995 3933 1082 3997 duunt,
1094 3952 1116 3986 a.
1135 3933 1221 3998 docuit,
1232 3931 1283 4001 βγ.

163 4041 194 4050 ..
212 4000 335 4060 noscimus,
347 4000 380 4050 V.
401 4040 432 4049 ..
450 4003 553 4063 etct'tra,
566 4003 599 4052 V.
616 4011 640 4051 at
654 4002 762 4059 circas.
789 4003 895 4061 circaet,
909 3998 1001 4053 OR¹d
1028 4010 1051 4050 et
1066 4002 1171 4065 eircact,
1184 4005 1232 4055 12².
1252 4046 1283 4054 ..

161 4076 368 4133 espupucturque,
385 4069 467 4118 R'I'd.
494 4078 692 4133 erpuyuctusqua
711 4063 768 4119 HV.
795 4071 993 4135 iupuymturque,
1013 4064 1082 4134 asty.
1101 4113 1130 4121 ..
1154 4072 1282 4133 centaurio,

164 4127 322 4187 evasae.
341 4143 471 4197 centauros,
483 4133 512 4198 β.
526 4177 555 4185 ..
573 4137 733 4193 mcicre‚Vd.
751 4137 845 4200 maiori,
855 4139 927 4189 R¹T.
946 4154 975 4187 aa
986 4137 1082 4197 maiore,
1095 4142 1163 4190 uu.
1178 4182 1207 4189 .-
1222 4140 1283 4190 dixi.

161 4219 212 4252 mus
224 4210 265 4266 25,
278 4207 318 4254 67.
339 4245 369 4254 ..
388 4203 478 4267 callidi,
490 4206 523 4255 V.
543 4247 573 4253 ..
593 4204 678 4279 gmina,
691 4221 713 4254 a.
732 4248 762 4256 -
783 4204 925 4271 quadriduo,
937 4211 977 4257 a².

195 4286 280 4348 §itt
307 4289 482 4355 quiaquascbrs,
498 4290 550 4340 Va.
575 4330 604 4340 -
633 4307 683 4342 cum
699 4289 750 4342 sala
765 4301 788 4343 ct
802 4291 876 4357 mella,
889 4295 989 4347 vau.
1007 4295 1095 4348 omitt.
1111 4286 1232 4346 θΒῑΤᾱ.
