2918 4800
305 316 375 363 nra.
392 316 505 363 xxnu.
536 314 614 363 cnr.
634 314 772 362 vrum.
801 313 899 361 snos.
913 316 995 359 rs-u.
1165 299 1206 363 65

86 467 183 534 tussis
206 467 373 551 concoquit
394 479 427 531 et
449 465 594 533 duritias.
622 464 753 531 Inlitum
776 476 918 530 tumores
941 464 1036 542 sistit,
1058 464 1204 531 item'al-
1221 486 1251 530 aa

84 592 158 635 vom
180 568 269 634 bacis
291 591 330 634 ex
352 567 445 654 nigro
466 568 541 634 vino
562 567 659 654 potis,
680 567 758 633 item
780 566 900 632 ventris
923 578 1063 632 tumores
1085 567 1204 645 inlitis3

85 668 238 734 miscetur
259 680 292 734 et
312 668 464 734 antidotis
487 669 650 755 oxyporis,
673 667 783 733 urinas
798 667 878 743 ciet3
899 666 1046 732 inlinitur
1060 678 1092 732 et
1106 669 1206 735 oculis

83 769 118 834 in
133 770 309 856 epiphoris,
324 771 419 835 datur
433 770 602 848 convolsis,
616 770 731 857 ruptis,
748 768 948 848 torminibus,
963 770 1077 847 volvis,
1092 770 1206 836 ischia-

84 871 165 937 dicis
187 894 259 936 cum
281 871 355 936 vino
377 872 449 938 albo
470 883 582 958 potum
603 871 711 958 pilulis
733 871 897 956 quaternis
918 882 973 936 aut
995 871 1136 937 decoctis
1156 873 1205 937 vi·

83 973 167 1060 ginti
187 972 222 1036 in
244 973 329 1039 vino.
351 970 436 1038 Sunt
457 973 513 1057 qui
536 983 568 1039 et
589 984 794 1060 perunguant
815 995 933 1059 corpus
955 995 972 1038 e
994 973 1115 1039 semine
1136 972 1206 1038 eins

83 1073 117 1138 in
140 1074 337 1161 serpentium
357 1074 451 1141 ictus.

125 1174 191 1240 IX.
220 1177 271 1242 37.
294 1175 410 1243 Salicis
431 1177 555 1242 fructus
577 1187 652 1241 ante
673 1175 890 1241 maturitatem
910 1175 945 1241 in
967 1197 1117 1241 araneam
1139 1173 1206 1240 abit
1220 1193 1251 1238 aa

84 1276 152 1354 sed,
175 1277 203 1341 si
224 1278 313 1363 prius
328 1278 506 1364 colligatur,
530 1278 718 1366 sanguinem
733 1277 939 1344 reicientibus
953 1278 1097 1364 prodest.
1122 1272 1205 1341 Cor·

84 1377 154 1442 ticis
176 1401 193 1443 e
215 1380 312 1445 ramis
334 1379 447 1466 primis
469 1379 549 1444 cinis
571 1380 694 1445 clavom
716 1391 749 1444 et
762 1381 877 1445 callum
892 1401 977 1463 aqua
990 1379 1090 1443 mixta
1104 1389 1206 1456 sanat,

84 1478 161 1542 vitia
182 1481 266 1546 cutis
287 1480 321 1545 in
342 1481 423 1547 facie
445 1481 604 1559 emendat,
633 1481 738 1567 magis
766 1480 910 1545 admixto
938 1502 1015 1544 suco
1038 1502 1107 1544 suo.
1143 1477 1207 1544 Est

85 1592 191 1645 autem
212 1581 263 1646 hic
284 1582 382 1646 trium
403 1606 574 1671 generum:
602 1606 703 1647 unum
728 1581 824 1648 arbor
850 1581 923 1667 ipsa
949 1582 1087 1647 exsudat
1115 1602 1206 1647 cum·

84 1681 182 1746 mium
203 1682 315 1759 mod03
338 1683 417 1749 alter
430 1694 538 1749 manat
559 1683 594 1748 in
615 1684 720 1771 plaga,
743 1706 817 1749 curn
838 1682 940 1761 floret,
963 1683 1072 1748 exciso
1089 1682 1206 1748 cortice

85 1783 179 1848 trium
201 1784 374 1872 digitorum
395 1785 636 1872 magnitudine3
658 1786 711 1851 hic
731 1786 819 1851 valet
839 1786 882 1850 ad
897 1785 1110 1873 expurganda
1123 1806 1206 1867 quae

83 1883 211 1951 obstent
233 1886 347 1964 oculis,
376 1887 453 1951 item
475 1886 516 1950 ad
539 1886 709 1971 spissanda
729 1908 811 1971 quae
840 1909 923 1972 opus
946 1897 1022 1951 sunt
1043 1885 1205 1950 ciendam-

85 2007 146 2069 que
168 1987 294 2051 urinam
315 1998 350 2052 et
370 1989 412 2052 ad
434 1987 537 2052 omnis
559 1988 763 2054 collectiones
777 1987 864 2051 intus
880 1984 1102 2051 extrahendas.
1125 1984 1206 2049 Ter·
1221 2000 1251 2046 ar

84 2087 147 2151 tius
170 2110 266 2152 sucus
289 2099 338 2152 est
359 2087 598 2152 detruncatione
620 2102 780 2152 ramorum
803 2111 822 2151 a
844 2087 928 2152 falce
949 2085 1125 2151 destillans.
1154 2085 1207 2150 Ex

83 2187 134 2252 his
156 2210 235 2274 ergo
257 2188 373 2272 aliquis
395 2211 468 2253 cum
490 2211 621 2254 rosaceo
643 2189 676 2253 in
698 2190 807 2274 calyce
829 2187 940 2273 punici
967 2187 1121 2254 calfactus
1148 2210 1206 2252 au-

83 2289 175 2354 ribus
196 2289 391 2368 infunditur3
419 2290 496 2356 folia
525 2302 614 2356 cocta
639 2301 671 2356 et
697 2313 771 2356 cum
798 2313 871 2357 cera
900 2291 975 2354 trita
995 2290 1206 2375 inponuntur,

84 2391 159 2456 item
179 2390 376 2478 podagricis.
401 2389 530 2457 Cortice
553 2402 584 2458 et
607 2392 692 2458 foliis
713 2391 748 2455 in
769 2391 844 2456 vino
863 2391 1002 2457 decoctis
1015 2390 1116 2457 foveri
1130 2414 1206 2457 ner·
1221 2409 1252 2454 58

85 2514 141 2556 vos
169 2493 385 2558 utilissimum.
423 2492 501 2560 Flos
528 2494 623 2559 tritus
650 2517 723 2558 cum
748 2493 832 2560 foliis
862 2493 1005 2559 furfures
1030 2504 1149 2580 purgat
1172 2494 1207 2558 in

83 2703 179 2776 atque
206 2694 240 2758 in
267 2704 367 2761 totum
396 2698 549 2762 auserunt
575 2721 671 2762 usum
700 2697 830 2783 saepius
858 2710 994 2784 sumpta.
1031 2696 1206 2764 Amerinae

83 2793 194 2879 nigrae
217 2817 326 2861 semen
348 2820 421 2863 cum
443 2821 558 2885 spuma
578 2801 703 2887 argenti
716 2799 787 2886 pari
801 2788 942 2886 pondere
964 2822 984 2865 a
1005 2798 1132 2866 balineo
1153 2798 1205 2863 in-

83 2891 173 2958 litum
195 2895 364 2982 psilotrum
386 2912 445 2968 est.

116 3073 183 3135 556.
202 3074 323 3136 sanquine,
336 3076 369 3124 V.
389 3074 507 3126 Ceterum
519 3092 542 3126 v.
555 3076 672 3127 Dioscor.
687 3084 709 3138 l,
724 3082 780 3128 1³5.
798 3120 829 3128 -
848 3078 978 3136 cummium,
993 3070 1022 3128 θ.
1044 3079 1167 3138 mutinum,
1180 3079 1204 3127 (L

80 3140 213 3202 pamniam,
232 3142 307 3206 Vsy.
335 3143 437 3206 panni,
453 3140 483 3206 β.
509 3184 539 3193 ..
567 3142 635 3204 alter,
655 3145 691 3194 ita
706 3161 753 3195 nos
770 3147 923 3210 scripsimus.
955 3145 1064 3207 alterum,
1080 3139 1205 3207 Vadstr,

81 3221 158 3269 quam
175 3210 276 3271 quidem
293 3212 442 3273 scripturam
460 3213 539 3261 Hard.
556 3213 592 3261 ita
609 3213 733 3275 explicat:
760 3216 867 3273 „Manat
883 3214 960 3262 arbor
975 3229 989 3262 e
1006 3214 1084 3275 plaga
1101 3228 1204 3262 succum

81 3274 212 3324 alterum.”
239 3276 292 3325 Iam
311 3277 369 3326 licet
386 3280 464 3328 sciam
481 3280 577 3328 multos
595 3279 657 3328 clim
674 3280 741 3328 viros
759 3281 847 3328 doctos
864 3281 1023 3329 transitivum
1043 3295 1118 3329 usum
1136 3279 1205 3328 verbi

81 3340 197 3388 manandi
214 3343 289 3405 longe
307 3345 451 3394 extendisse
463 3341 499 3406 (v.
512 3345 599 3394 Heius.
616 3348 647 3394 ad
661 3346 734 3396 Ovid.
746 3354 874 3395 metamm.
888 3353 911 3406 6,
925 3351 982 3394 ³12.
995 3354 1020 3395 et
1037 3361 1101 3409 quos
1116 3347 1205 3396 laudat

81 3408 194 3458 Schmid.
213 3413 245 3458 ad
262 3411 352 3460 Horat.
368 3426 425 3476 epp.
443 3411 464 3460 Ι.
479 3416 518 3472 19,
532 3409 595 3472 tt),
613 3421 698 3462 tamen
715 3413 757 3461 hic
772 3429 833 3463 usus
850 3429 939 3477 prosae
957 3414 1079 3464 orationis
1097 3415 1204 3478 scripto-

80 3476 148 3524 ribus
160 3477 280 3526 vindican'
292 3492 345 3527 non
357 3487 454 3542 potest,
464 3489 531 3529 certe
540 3480 617 3530 Plinii
628 3480 687 3541 loci,
701 3495 765 3544 quos
777 3482 865 3532 Heius.
877 3482 973 3544 laudat,
988 3487 1027 3544 lt,
1039 3488 1096 3533 tas.
1111 3488 1152 3542 2³,
1164 3485 1203 3532 70.

81 3544 176 3594 dudum
188 3554 272 3595 eunte
284 3547 432 3598 melioribus
447 3550 519 3597 codd.
538 3548 656 3609 conecti,
679 3556 705 3598 et
720 3549 764 3612 qui
782 3565 847 3600 unus
864 3550 974 3601 restabat
989 3554 1031 3611 at,
1045 3555 1101 3601 170.
1120 3564 1165 3615 per
1180 3550 1203 3599 B

81 3619 119 3661 est
130 3613 267 3676 integritati
279 3615 417 3665 restitutus.
436 3615 494 3665 Hoc
505 3628 566 3665 vero
579 3615 637 3666 loco
649 3614 710 3665 alter
721 3617 748 3666 in
759 3615 859 3666 alterurn
871 3629 924 3668 tam
934 3627 1040 3683 propter
1052 3619 1204 3681 praecedens

80 3695 157 3740 annm,
177 3695 253 3743 quam
269 3698 314 3746 per
329 3683 446 3733 viciniam
464 3685 534 3734 vocis
551 3692 633 3732 manat
648 3683 770 3735 facillima
785 3687 912 3751 corrumpi
929 3687 1026 3751 potnit;
1048 3687 1081 3734 ad
1099 3686 1203 3735 verbum

71 3744 148 3808 floret
163 3758 247 3798 autern
265 3765 279 3799 e
296 3752 465 3815 superioribus
481 3753 554 3801 arbor
571 3767 617 3817 sup
636 3752 747 3803 lendum.
767 3795 798 3804 -
822 3753 933 3818 eplrspn,
949 3755 982 3804 K.
1005 3793 1036 3802 ..
1060 3768 1110 3801 cnm
1119 3752 1203 3817 floret,

80 3807 250 3873 λαμβάνεται
267 3813 299 3864 δὲ
316 3814 360 3866 καὶ
378 3815 448 3877 ὀπὸς
464 3815 498 3876 ἐξ
514 3815 600 3885 αὐτῆς
615 3769 811 3882 {stennenbrun
828 3821 876 3870 τοῦ
891 3817 991 3885 φλοιοῦ
1007 3815 1075 3868 κατὰ
1091 3818 1139 3886 τὴν
1157 3815 1201 3870 ἄν·

79 3877 170 3946 tim,
184 3882 301 3931 D3⁰⁸00u
319 3899 368 3932 ctam
374 3885 447 3948 flore,
460 3888 534 3938 Vad.
554 3929 586 3937 ..
604 3884 969 3952 valet,r.01nitt.VTndst7.
984 3929 1014 3937 ..
1031 3887 1168 3953 purganda,
1180 3907 1200 3940 r.

79 3988 111 4064 ἢ.
134 3948 232 4064 pbstelrlst
250 3950 413 4066 alzobsiatent,
429 3955 462 4003 V.
490 3955 611 4016 obsistant,
629 3956 683 4006 Τὰ.
711 3958 812 4017 obstant,
830 3973 849 4006 r.
874 3997 905 4006 ..
932 3955 987 4017 sint,
1004 3957 1057 4007 Td.
1077 3997 1107 4007 -
1132 3957 1201 4020 intus,

111 4032 126 4065 a
151 4053 157 4064 .
184 4032 192 4063 r
212 4022 265 4076 stas,
304 4053 310 4066 .

113 4082 181 4143 §5⁷-
200 4083 307 4143 aeolice,
319 4085 408 4135 Dalec.
429 4126 458 4135 ..
482 4085 611 4148 destillans,
624 4091 657 4139 V.
684 4088 810 4155 «latiturus,
823 4088 913 4156 adssr.
934 4133 964 4141 -
982 4091 1032 4155 Es,
1044 4094 1089 4143 ad.
1113 4092 1154 4153 Et,
1166 4095 1199 4143 V.

80 4191 110 4199 -
127 4151 217 4214 panici,
229 4154 335 4203 Barbar.
349 4156 392 4203 ad.
408 4153 503 4216 punscc,
518 4147 606 4205 (ΝΤ.
625 4196 656 4205 -
667 4157 744 4221 solio,
756 4160 810 4210 Vd.
830 4158 946 4224 uolsella,
959 4155 1029 4224 assr.

113 4217 179 4279 558.
200 4218 306 4281 decania
319 4222 341 4270 d.
366 4219 461 4283 decocta,
473 4222 526 4272 Va.
545 4262 576 4272 -
594 4231 706 4288 sumptas,
719 4243 744 4278 a.
760 4268 792 4278 ..
810 4244 903 4294 spuma
915 4230 1010 4278 vaca
1033 4229 1149 4293 axungia,
1163 4230 1199 4279 dt

80 4327 111 4336 -
131 4285 230 4348 balineo,
246 4281 274 4337 θ.
294 4287 385 4353 balneo,
396 4284 521 4354 Vadssr.

112 4355 187 4404 Pur.
205 4355 252 4405 IV.
977 4361 996 4425 5
