2918 4800
151 300 215 361 414
503 314 707 360 narunanrs
729 313 924 360 nrsroarnu

151 489 233 551 quae
256 465 417 531 vermibus
438 466 664 552 periclitentur.
702 463 792 546 Quin
813 475 844 529 et
865 464 1021 531 vermium
1046 466 1192 550 ipsorum
1215 485 1272 552 ge·
1289 481 1334 525 115

150 589 226 632 nera
247 568 409 634 mirandos
431 590 509 632 usus
530 566 658 632 habent.
697 564 817 632 Cosses
846 567 901 650 qui
928 567 962 631 in
985 564 1074 652 ligno
1095 578 1273 630 nascuntur

150 680 264 734 sanant
285 669 392 734 ulcera
412 670 529 746 omnia,
551 690 663 734 nomas
685 691 761 733 vero
783 666 932 732 conbusti
953 689 1025 731 cum
1046 667 1118 752 pari
1132 666 1273 752 pondere

148 771 236 835 anesi
258 794 297 835 ex
319 772 388 835 oleo
401 769 492 834 inliti.
514 769 658 836 Volnera
671 770 809 834 recentia
823 770 1045 857 conglutinant
1060 768 1178 832 terreni
1192 768 1273 833 adeo

147 885 183 936 ut
209 894 326 937 nervos
352 893 479 955 quoque
507 871 648 937 abscisos
674 871 773 935 inlitis
807 870 938 936 solidari
970 870 1055 935 intra
1089 881 1272 955 septumum

148 973 232 1038 diem
254 973 420 1059 persuasio
443 973 499 1050 sit3
523 973 631 1057 itaque
652 973 684 1036 in
707 972 800 1037 melle
821 972 997 1037 servandos
1013 984 1154 1037 censent.
1178 970 1271 1036 Ciuis

146 1097 257 1140 eorum
276 1075 439 1162 margines
461 1073 604 1139 ulcerum
626 1074 771 1139 duriores
793 1073 935 1139 absumit
957 1097 1029 1139 curn
1051 1074 1124 1159 pice
1144 1073 1269 1159 liquida

146 1177 197 1241 vel
219 1174 345 1240 simblio
367 1176 468 1240 melle.
507 1174 649 1257 Quidam
678 1175 829 1241 arefactis
856 1175 892 1238 in
919 1175 985 1240 sole
1013 1176 1055 1239 ad
1077 1176 1208 1240 volnera
1230 1199 1271 1240 ex
1286 1189 1334 1235 116

145 1289 235 1342 aceto
257 1287 390 1342 utuntur
412 1299 470 1341 neo
492 1278 617 1343 solvont
637 1277 701 1342 nisi
723 1276 821 1341 biduo
843 1277 1037 1342 intermisso.
1069 1276 1193 1341 Eadem
1214 1299 1269 1340 ra-

145 1379 231 1443 tione
246 1389 278 1444 et
291 1379 470 1443 coclearum
485 1389 609 1442 terrena
623 1389 767 1464 prosunt,
783 1388 932 1462 totaeque
946 1389 1112 1464 exemptae
1127 1377 1271 1443 recentia

145 1481 273 1545 volnera
294 1490 406 1544 tunsae
427 1480 584 1566 inpositae
605 1479 828 1569 conglutinant
849 1491 882 1545 et
902 1503 1014 1545 nomas
1031 1481 1156 1545 sistunt.
1180 1479 1268 1545 Her-

145 1605 201 1669 pes
222 1603 349 1666 quoque
369 1583 486 1647 animal
508 1604 527 1645 a
543 1579 678 1647 Graecis
694 1590 825 1646 vocatur
840 1603 903 1666 quo
917 1582 1094 1668 praecipue
1114 1593 1269 1647 sanantur

145 1704 364 1768 quaecumque
379 1693 523 1767 serpunt.
549 1680 683 1748 Cocleae
698 1693 836 1768 prosunt
857 1692 889 1746 et
910 1704 982 1746 cum
1001 1683 1094 1748 testis
1109 1683 1176 1748 suis
1192 1694 1267 1746 tun-

144 1807 212 1862 sae3
241 1807 314 1850 cum
335 1807 445 1848 murra
467 1785 596 1868 quidem
619 1796 652 1849 et
675 1795 745 1849 ture
771 1785 867 1848 etiam
888 1785 1051 1869 praecisos
1073 1807 1190 1850 nervos
1212 1806 1266 1848 sa-

143 1909 220 1952 nare
242 1886 400 1951 dicuntur.
423 1885 611 1950 Draconum
633 1906 760 1968 quoque
782 1885 875 1968 adips
897 1885 1037 1951 siccatus
1058 1886 1093 1950 in
1115 1887 1181 1951 sole
1196 1909 1266 1950 ma-
1283 1896 1331 1942 111

143 2011 286 2075 gnopere
307 1987 449 2074 prodest,
473 1987 550 2051 item
571 1986 742 2073 gallinacei
765 1986 931 2052 cerebrum
952 1986 1135 2052 recentibus
1150 1987 1267 2075 plagis.

143 2091 218 2157 Sale
239 2090 383 2175 viperino
405 2089 439 2152 in
460 2088 532 2153 cibo
555 2100 683 2175 sumpto
706 2087 836 2152 tradunt
858 2101 889 2153 et
919 2089 1029 2153 ulcera
1051 2089 1267 2154 tractabiliora

141 2192 212 2257 fieri
233 2214 271 2257 ac
291 2190 427 2255 celerius
449 2191 564 2255 sanari.
586 2189 747 2256 Antonius
769 2189 899 2274 quidem
921 2189 1066 2255 medicus
1088 2212 1162 2255 cum
1183 2191 1266 2254 inci-

141 2294 241 2359 disset
261 2291 452 2358 insanabilia
472 2293 592 2370 ulcera,
613 2293 741 2378 viperas
755 2292 895 2356 edendas
910 2292 1007 2357 dabat
1021 2292 1165 2375 miraque
1181 2280 1266 2358 cele’-

140 2397 234 2460 ritate
255 2394 461 2480 persanabat.
484 2394 706 2459 Troxallidum
727 2393 808 2458 cinis
830 2394 993 2482 margines
1008 2394 1151 2459 ulcerum
1166 2394 1266 2459 duros

141 2499 247 2562 aufert
269 2519 341 2561 curn
363 2497 466 2573 melle,
489 2497 565 2560 item
585 2496 652 2560 fimi
674 2494 847 2560 columbini
862 2518 934 2560 cum
949 2497 1093 2561 arrenioo
1116 2505 1149 2560 et
1170 2495 1264 2560 mella

143 2619 285 2681 eaquae
307 2597 469 2662 erodenda
490 2608 574 2662 sunt.
598 2595 743 2662 Bubonis
766 2596 933 2662 cerebrum
956 2618 1029 2661 cum
1051 2596 1147 2682 adipe
1170 2609 1329 2661 ause-118

173 2805 343 2871 periclitantur,
355 2807 418 2855 VR.
434 2804 608 2869 periclitantur,
622 2802 693 2870 ᾱβγ.

175 2909 260 2972 5115.
283 2906 355 2968 Quin,
373 2907 444 2957 R2d.
469 2906 524 2967 Qui,
541 2906 573 2957 V.
601 2907 692 2971 QR'.
712 2948 742 2956 ..
761 2905 878 2966 miranda,
891 2908 923 2956 V.
944 2948 975 2955 ..
997 2903 1070 2967 Oassi,
1086 2907 1119 2956 Κ.
1139 2946 1169 2954 ..
1188 2905 1265 2966 anesi,

140 2977 190 3026 R².
210 2974 296 3036 aneni,
308 2975 406 3026 VR'd.
425 2973 500 3036 anui,
511 2971 540 3036 β.
560 3017 591 3024 ..
610 2991 651 3036 ea,
664 2974 728 3025 VR.
751 2983 784 3035 et,
802 2977 825 3024 d.
849 2981 872 3023 et
887 2990 929 3036 aa,
941 2970 993 3038 βγ.
1012 3015 1044 3024 ..
1062 2971 1264 3036 conplutinantur,

140 3045 186 3094 R'.
206 3085 236 3093 -
254 3042 365 3104 masas,
377 3043 432 3095 Rd.
449 3043 571 3104 abscissas,
583 3045 609 3092 V
621 3043 707 3107 (codd.
721 3040 791 3103 Gal.)
802 3039 832 3104 β.
852 3083 881 3092 ..
900 3042 972 3104 intra,
989 3035 1128 3092 OVRTd.
1147 3041 1222 3102 iry‘ra,
1233 3037 1263 3102 β.

141 3153 173 3161 -
182 3111 309 3176 persuasio
320 3110 359 3174 sit,
372 3104 511 3162 OvssTd.
526 3127 667 3175 persuasum
678 3111 718 3168 sit,
731 3113 803 3160 codd.
814 3111 871 3162 Gel.
880 3106 909 3171 β
921 3110 1071 3160 Democritus
1080 3108 1234 3172 persuasait,
1244 3127 1264 3159 r.

141 3222 172 3229 -
192 3188 275 3240 censet,
295 3197 315 3229 r.
339 3221 370 3229 ..
398 3178 513 3240 duriores,
534 3182 636 3230 vau.
662 3178 771 3240 dulionis,
792 3182 837 3230 R¹.
860 3219 891 3227 ..
918 3176 1029 3239 adsumit,
1046 3179 1081 3227 V.
1106 3218 1135 3226 -
1163 3175 1264 3236 simblio,

140 3249 247 3299 Barbar.
259 3246 366 3311 simpulo,
378 3249 412 3298 V.
430 3241 537 3312 spnpulo
548 3254 578 3309 et,
588 3250 642 3298 Td.
655 3248 727 3296 Idem
739 3248 832 3310 legitur
843 3249 870 3296 in
881 3247 913 3308 R,
926 3251 968 3296 sed
981 3247 1081 3310 pansus
1092 3246 1194 3308 utrique
1206 3247 1264 3294 voci

141 3317 288 3380 suppositis.
306 3315 411 3380 hyblaeo,
423 3318 455 3366 Κ.

175 3420 259 3481 5116.
282 3433 331 3479 nec,
348 3421 371 3468 d.
396 3434 431 3478 ne,
449 3418 510 3467 VR.
535 3458 566 3467 -
591 3416 668 3478 biduo,
684 3419 749 3468 Rld.
772 3414 858 3478 ibidus,
871 3417 905 3465 V.
928 3414 1027 3478 quidun,
1046 3417 1094 3469 R'2.
1113 3456 1143 3464 -
1169 3422 1264 3463 terrena

138 3493 245 3548 prosunt,
258 3486 282 3534 R
290 3488 321 3534 'ld
333 3482 419 3548 (codd.
433 3483 503 3547 Gal.)
522 3493 667 3534 terrenarum
679 3491 741 3544 sunt,
754 3485 829 3534 VR¹.
848 3483 911 3532 ratio
923 3492 946 3531 at
957 3491 1103 3532 terrenarum
1115 3481 1263 3531 cochlearum

141 3561 176 3602 est
186 3569 247 3616 quae
259 3561 331 3614 tusae,
343 3570 363 3602 r.
383 3595 413 3603 -
438 3561 559 3616 exemptae
575 3552 679 3601 recentia
695 3551 793 3601 uulnera
806 3560 870 3600 tusae
882 3550 1004 3615 inpositae,
1017 3554 1040 3601 d.
1058 3552 1128 3601 Idem
1142 3551 1219 3600 habet
1231 3553 1263 3610 R,

140 3657 188 3706 nisi
205 3657 273 3720 qnod
289 3656 316 3704 in
333 3671 364 3703 eo
378 3629 454 3714 tuscia
474 3663 563 3704 exstat.
583 3662 656 3718 empta
672 3653 776 3702 recentia
791 3654 890 3702 uulnera
906 3656 959 3702 tusa
972 3653 1078 3716 inposita,
1090 3653 1124 3702 V.
1142 3660 1263 3714 exemptae

141 3731 207 3772 tusae
223 3731 245 3771 et
260 3722 382 3787 impositae
397 3720 501 3770 recentia
516 3720 622 3783 vulnera,
639 3723 711 3771 codd.
726 3721 783 3772 Gel.
794 3717 845 3785 βγ.
869 3762 901 3772 .,
925 3737 948 3782 a,
962 3736 1013 3770 om.
1027 3723 1071 3772 R¹.
1091 3760 1122 3770 ..
1141 3727 1263 3778 uocantur,

140 3791 217 3842 VRl.
236 3833 267 3842 ..
285 3797 393 3852 sanatur,
405 3791 439 3839 V.
454 3830 484 3839 -
498 3805 662 3853 quaecumque,
674 3790 743 3839 R²d.
762 3805 866 3852 cumque,
878 3790 953 3839 VRt
967 3829 998 3838 ..
1014 3796 1115 3852 prosum
1125 3796 1154 3846 et,
1171 3780 1262 3838 OVT.

142 3943 232 3990 quaqua
240 3934 342 3991 prosunt
353 3933 389 3987 et,
408 3927 432 3974 d.
449 3940 539 3989 quaque
547 3933 649 3989 prosunt
659 3882 691 3986 ii,
702 3924 733 4003 R
749 3933 849 3988 manunt
860 3925 902 3985 eis,
913 3919 964 3988 βγ.
984 3966 1013 3974 -
1030 3924 1175 3989 praeciosas,
1188 3924 1221 3973 V.

177 4030 191 4092 ξ
211 4032 267 4078 117.
290 4027 315 4076 in
332 4027 388 4089 sola,
409 4020 564 4078 OVRTdr.
586 4025 642 4086 sole,
657 4022 687 4088 β.
715 4068 745 4077 ..
771 4025 851 4091 plapis
866 4025 916 4075 sale
932 4027 1036 4090 viperino
1054 4027 1078 4074 in
1093 4026 1143 4074 cibo
1160 4033 1261 4088 sumpto.

145 4093 261 4155 lbadaut,
277 4091 307 4156 β.
328 4096 561 4160 Interpunctionem
578 4096 720 4145 emendavit
736 4095 859 4145 Harduin.
876 4135 907 4143 ..
926 4111 963 4156 ac,
977 4089 1114 4145 OVRTd.
1132 4099 1162 4153 et,
1178 4088 1208 4153 β.
1227 4134 1259 4143 .-

142 4162 241 4211 celerius
252 4163 346 4223 sanam,
358 4158 471 4214 VRTd.
489 4162 575 4211 sanari
585 4161 690 4224 cebrius,
701 4158 723 4223 β
727 4177 751 4226 γ.
771 4203 802 4211 ..
820 4160 920 4226 quidem,
937 4157 1074 4213 HVRTd.
1092 4160 1175 4222 Musa,
1187 4155 1217 4220 β.
1226 4202 1260 4212 .-

141 4229 284 4292 incidissent,
297 4231 359 4280 VR.
380 4272 409 4280 -
429 4231 453 4278 in
469 4229 621 4291 insanabilia,
634 4233 666 4281 Κ.
685 4271 716 4279 ..
740 4229 821 4279 ulcera
836 4230 929 4294 viperas
946 4229 1055 4279 emendas
1072 4228 1155 4288 dabat,
1170 4228 1204 4277 V.
1222 4227 1260 4277 ul-

141 4313 197 4348 cera
208 4297 295 4363 viperis
308 4296 411 4347 edendas
422 4296 503 4361 dabat,
516 4301 539 4349 d.
558 4297 638 4347 ulcera
650 4297 737 4362 asperis
748 4297 858 4347 emendas
870 4297 952 4360 dabat,
965 4299 1010 4349 Rt
1028 4297 1111 4362 uipera
1126 4294 1207 4344 ulcera
1222 4311 1260 4345 se-
