2918 4800
351 299 422 346 nra.
439 298 553 345 xxvu.
582 296 659 344 car.
678 297 739 342 vn.
758 297 830 343 vm.
860 295 957 344 sacr.
974 299 1056 340 adra
1201 281 1262 345 225

142 455 211 522 licit
233 450 382 517 olfactum
404 461 459 515 aut
479 450 582 515 inscio
603 447 663 514 sub
685 448 789 533 capite
809 447 961 533 positum.
983 445 1140 513 Vestibus
1160 447 1264 514 inser-

144 566 212 621 tum
234 553 337 618 tineas
359 562 458 630 arcet,
487 551 604 616 culices
634 573 674 616 ex
702 549 769 616 oleo
796 549 960 635 perunctis
987 550 1090 635 abigit
1111 561 1143 614 ct
1164 551 1263 628 fumo,

144 659 172 723 si
193 667 306 722 uratur
312 679 321 731 3
349 665 562 719 atramentum
587 651 754 718 librarium
776 674 818 717 ex
839 650 941 716 diluto
962 651 1032 716 eius
1053 661 1265 737 temperatum

142 759 267 824 litteras
289 779 309 821 a
328 754 482 820 musculis
504 763 622 818 tuetur.
660 749 821 838 Capillum
849 751 996 840 denigrat
1023 752 1163 838 apsinthi
1186 754 1287 819 cinis·
1388 804 1393 813 .

143 869 309 947 unguento
329 878 461 923 rosaceo
482 855 672 940 permixtus.

198 963 249 1025 29.
276 958 340 1023 Est
365 968 398 1022 et
424 956 620 1044 apsinthium
646 956 806 1020 marinum
834 953 920 1040 quod
946 955 1078 1039 quidam
1103 957 1265 1044 seriphum
1280 972 1312 1019 aa

144 1071 269 1140 vocant,
298 1058 558 1147 probatissimum
585 1058 621 1122 in
642 1056 792 1143 Taposiri
813 1055 970 1143 Aegypti.
1006 1055 1115 1123 Huius
1142 1081 1267 1123 ramum

143 1163 240 1230 Isiaci
253 1161 415 1248 praeferre
435 1158 588 1225 sollemne
609 1158 738 1225 habent.
763 1157 948 1244 Angustius
969 1158 1076 1242 priore
1097 1159 1267 1245 minusque

145 1286 298 1341 amarum,
321 1261 485 1328 stomacho
506 1260 681 1338 inimicum,
703 1261 807 1324 alvom
828 1259 931 1323 mollit
949 1259 1105 1345 pellitque
1120 1263 1268 1328 animalia

145 1347 400 1432 interaneorum)
429 1362 560 1429 Bibitur
586 1385 660 1428 cum
687 1362 756 1427 oleo
783 1371 816 1426 et
843 1360 908 1426 sale
935 1371 991 1427 aut
1011 1362 1045 1426 in
1067 1363 1188 1428 farinae
1210 1367 1267 1430 tri-

146 1468 274 1535 mestris
297 1465 471 1533 sorbitione
492 1464 646 1540 dilutum3
675 1464 824 1548 coquitur
851 1474 1006 1548 quantum
1026 1487 1140 1530 manus
1163 1467 1269 1555 capiat

145 1570 179 1635 in
201 1591 303 1654 aquae
326 1567 465 1634 sextario
487 1566 529 1630 ad
550 1565 709 1630 dimidias.

188 1669 284 1737 VIII.
305 1671 357 1734 30.
379 1667 526 1732 Balloten
548 1666 611 1732 alio
632 1668 759 1732 nominc
780 1689 911 1752 porrum
932 1667 1062 1756 nigrum
1078 1665 1197 1735 Graeci
1212 1693 1268 1736 vo·
1284 1686 1315 1730 54

146 1782 230 1850 cant,
259 1771 391 1837 herbam
413 1769 614 1846 fruticosam,
641 1769 805 1855 angulosis
828 1766 973 1834 caulibus
994 1769 1108 1856 nigris,
1137 1770 1269 1836 hirsutis

148 1873 234 1938 foliis
255 1871 478 1950 vestientibus,
501 1870 676 1936 maioribus
698 1892 795 1954 quam
813 1871 902 1957 porri
917 1881 950 1936 et
964 1871 1171 1958 nigrioribus,
1192 1897 1268 1962 gra·

149 1973 359 2041 veclentibus.
395 1974 456 2039 Vis
479 1973 548 2039 eius
570 1972 685 2038 efficax
707 1972 863 2037 advorsus
886 1973 973 2037 canis
994 1996 1121 2039 morsus
1142 1998 1183 2039 ex
1206 1976 1270 2041 sale

148 2077 234 2143 foliis
255 2076 339 2140 tritis
360 2075 533 2170 inpositae,
563 2074 640 2138 item
667 2074 708 2138 ad
736 2073 960 2158 condylomata
986 2075 1086 2140 coctis
1107 2077 1215 2142 cinere
1236 2078 1270 2141 in

63 2192 65 2197 ’
149 2177 226 2244 tolio
247 2177 358 2255 oleris3
382 2187 500 2263 purgat
522 2186 555 2240 et
577 2175 708 2241 sordida
730 2176 836 2240 ulcera
857 2198 930 2241 cum
950 2176 1052 2242 melle.

191 2279 243 2342 31.
264 2278 385 2362 Botrys
407 2277 563 2343 fruticosa
583 2276 683 2342 herba
706 2287 756 2342 est
776 2277 874 2343 luteis
888 2278 1039 2357 ramulis3
1063 2301 1171 2344 semen
1187 2281 1271 2344 circa
1284 2294 1315 2338 ss

148 2390 231 2446 totos
253 2380 405 2456 nascitur,
428 2379 504 2444 folia
526 2378 664 2444 cichorio
686 2378 811 2444 similia.
839 2377 1009 2445 Invenitur
1028 2381 1063 2445 in
1084 2383 1271 2447 torrentium

148 2482 243 2567 ripis,
265 2481 412 2546 medetur
433 2480 659 2566 orthopnoicis
683 2479 758 2546 Hoc
774 2479 986 2568 Cappadoces
1008 2481 1198 2549 ambrosiam
1213 2509 1270 2553 vo-

148 2593 234 2660 cant,
256 2582 310 2647 alii
331 2582 536 2648 artemisiam.

190 2685 243 2747 32.
270 2682 413 2768 Brabyla
435 2683 595 2770 spissandi
622 2683 688 2748 vim
713 2683 810 2749 habet
832 2685 957 2751 cotonei
979 2686 1055 2751 mali
1076 2686 1181 2765 modo,
1210 2708 1270 2752 nec

147 2784 287 2870 amphus
308 2784 349 2849 de
372 2807 410 2850 ea
430 2784 562 2851 tradunt
583 2795 740 2850 auctores.

145 3033 274 3089 perunctus
285 3042 315 3074 ea
326 3033 399 3089 aceto,
412 3028 464 3078 Tr.
483 3023 664 3092 discoopertis
681 3043 711 3078 τε
726 3023 797 3088 μετὰ
816 3023 910 3077 ἐλαίου
922 3025 1056 3088 κώνωπας
1065 3026 1178 3081 κωλύειν
1191 3027 1269 3081 ἅπτε-

147 3090 280 3143 119111τοῦ
298 3091 433 3156 σώματος,
446 3096 563 3146 Dioscor.
587 3137 618 3146 ..
646 3093 764 3157 muscula,
782 3099 806 3145 d.
823 3095 918 3158 111011ιὶ1,
937 3091 1068 3147 OVRTa
1084 3097 1211 3159 (Murbac.
1228 3116 1269 3163 ap.

149 3160 255 3212 (iomar.
274 3165 306 3212 ad
322 3165 437 3213 Macrum
454 3163 472 3213 f.
491 3170 513 3213 5.
530 3161 567 3226 a.)
594 3165 631 3213 Ar
647 3165 779 3226 vulgatam
796 3169 898 3213 tuentur
913 3164 1001 3213 Macer
1016 3166 1135 3216 Floridus
1150 3169 1181 3216 de
1197 3167 1270 3216 virib.

148 3229 237 3279 herbb.
252 3237 312 3280 105:
330 3229 466 3279 Incaustam
479 3231 541 3290 vino,
558 3247 603 3293 quo
615 3230 648 3279 sit
658 3237 788 3289 macerata,
800 3229 902 3278 resolve:
919 3230 951 3280 Si
964 3230 1048 3281 scribis
1059 3231 1175 3295 chartam,
1187 3231 1270 3297 (mus)

148 3313 195 3344 non
208 3305 265 3346 teret
276 3296 378 3362 amplius
390 3297 464 3360 illam,
474 3306 500 3348 ct
509 3300 626 3348 Dioscor.
639 3294 715 3346 τὸδὲ
726 3293 823 3357 μέλαν,
835 3287 858 3361 ᾦ
869 3295 1022 3362 γράφομεν,
1033 3297 1072 3363 τῷ
1081 3297 1270 3365 ἀποβρέγματι

149 3361 268 3427 abacis?
286 3363 352 3433 αχὲν
370 3360 485 3430 ἄβρωτα
500 3361 564 3427 μυσὶ
583 3365 662 3432 τηρεῖ
677 3360 710 3414 τὰ
727 3361 881 3430 γράμματα.
900 3407 932 3415 -
951 3382 1054 3429 rosaceo,
1066 3368 1099 3418 K.
1122 3386 1270 3433 rosaceoque,

149 3432 245 3482 VRad
277 3448 302 3498 γ.
322 3475 354 3484 ..
370 3433 590 3497 perminimae.

184 3531 198 3592 ἓ
213 3539 252 3583 5³.
269 3534 397 3663 sapidam,
409 3535 447 3585 ita
458 3544 496 3585 est
507 3535 665 3584 scribendum
678 3533 738 3584 coll.
750 3541 792 3596 32,
807 3541 862 3587 100.
880 3534 990 3600 seripula,
1002 3553 1025 3587 a.
1042 3537 1174 3604 serapiam,
1186 3540 1270 3591 vad.

149 3597 294 3664 Scaptium,
330 3617 355 3667 γ.
365 3602 491 3653 ‚Ceterum
502 3618 525 3652 v.
538 3603 653 3653 Dioscor.
664 3609 688 3664 3,
699 3609 739 3653 24.
750 3644 781 3653 -
791 3602 816 3652 ia
832 3602 952 3668 Taposiri,
961 3607 1037 3656 VRa
1046 3605 1132 3669 (codd.
1142 3606 1270 3670 Barbari).

150 3665 217 3715 intra
224 3668 305 3732 positi,
318 3672 341 3719 d.
360 3712 391 3720 -
411 3669 494 3730 mollit,
506 3671 589 3720 VRa.
607 3669 684 3733 solvit,
697 3672 750 3722 Td.
1249 3689 1256 3706 ⁸

183 3771 256 3832 554.
280 3787 378 3834 porram
398 3771 500 3837 ciprum,
524 3767 684 3823 avaras.
709 3769 900 3836 melamprasion,
921 3770 950 3836 β.
976 3776 1093 3827 Ceterum
1114 3793 1137 3827 v.
1154 3780 1270 3829 Dioscor.

150 3843 174 3896 3,
190 3841 245 3887 107.
264 3879 295 3888 ..
315 3839 419 3901 maioris,
432 3842 458 3891 V
470 3856 503 3890 ax
515 3843 612 3890 emend.
632 3881 662 3890 ..
681 3840 812 3904 impositae,
829 3836 939 3892 OVRd.
957 3844 1074 3908 imposita,
1087 3841 1135 3907 ass.

185 3937 200 3999 ἕ
215 3943 254 3988 55.
272 3939 372 4005 Botrys,
382 3942 406 3990 d.
424 3940 539 4007 Botlrys,
550 3943 600 3992 R2.
617 3941 710 4003 Betria,
722 3942 796 3993 vat
814 3943 938 4008 Botbyris,
949 3961 972 3995 a.
992 3947 1109 3997 Ceterum
1121 3963 1144 3996 v.
1156 3949 1271 4000 Dioscor.

151 4013 176 4066 3,
190 4013 247 4057 120.
270 4048 301 4057 ..
325 4016 391 4070 totos,
407 4010 519 4060 VRTd.
543 4016 623 4071 totam,
640 4005 669 4069 β.
693 4017 747 4070 toto,
764 4027 786 4060 a.
810 4050 841 4060 ..
865 4011 992 4076 cbr'eboria‚
1010 4030 1032 4064 a
1051 4056 1081 4066 -
1107 4015 1271 4080 orthopnoicis,

151 4074 242 4124 R²ad
261 4082 326 4124 ortas
344 4076 368 4124 in
385 4075 450 4139 aaa,
466 4079 500 4127 V.
524 4075 605 4124 bertas
619 4076 646 4126 in
663 4075 729 4138 vicia
745 4078 789 4127 R'.
811 4118 838 4126 ..
858 4079 984 4142 Ηαπε,Κ
1004 4125 1035 4133 ..
1053 4083 1176 4147 Brabilla,
1188 4087 1271 4137 VRd.

151 4141 278 4260 ἔνανίίἑα,
291 4160 314 4194 a.
333 4186 364 4194 ..
386 4143 575 4209 ερὶεεαηᾰὶνίνι,
587 4146 610 4195 d.
633 4141 803 4208 amandiani,
815 4146 878 4197 va
899 4149 1000 4212 aarum
1013 4149 1066 4214 vim,
1079 4169 1101 4204 a.
1121 4194 1152 4202 ..
1176 4152 1273 4203 tradunt

168 4226 265 4328 Ἥ..
277 4278 324 4330 1v.
1029 4282 1069 4348 15
