2918 4800
400 299 469 345 nra.
485 301 598 345 xxvn.
627 298 705 344 oar.
721 299 771 344 ut.
801 298 899 345 suos.
915 301 997 343 o-a.
1196 285 1256 346 231

137 450 232 515 nibus
260 449 377 514 efficax
404 451 488 515 foliis
517 475 588 516 cum
619 449 748 534 polenta
774 448 858 514 tritis
881 458 914 512 et
935 448 1098 534 inpositis,
1128 449 1257 516 subdito

137 550 275 616 linteolo.
299 550 422 616 Eadem
444 576 517 617 cum
539 553 594 618 lini
617 552 737 616 semine
759 561 847 616 cocta
869 550 1052 616 sorbitionis
1068 575 1129 616 usu
1145 552 1256 636 dysin-

137 652 218 716 teria
238 651 359 719 liberat.
1162 712 1165 716 ,

179 754 228 818 51.
257 753 428 840 Empetros
449 779 546 840 quam
567 754 668 821 nostri
691 753 898 841 calcifragam
924 766 1040 819 vocant
1061 754 1203 820 nascitur
1224 754 1256 819 in
1272 769 1302 815 75

138 854 299 920 montibus
321 857 501 933 maritimis,
530 857 596 922 fere
622 857 655 921 in
679 878 774 932 sax03
802 878 885 938 quae
906 857 1042 941 propius
1062 856 1141 920 mari
1162 857 1259 921 fuerit

137 957 222 1021 salsa
244 968 293 1021 est
313 969 451 1042 potaque
474 959 570 1023 trahit
590 958 687 1024 bilem
709 979 746 1022 ac
766 957 916 1043 pituitas;
939 979 1022 1042 quae
1042 958 1171 1046 longius
1187 981 1256 1022 ma-

134 1058 250 1147 gisque
273 1069 407 1137 terrena,
431 1061 568 1125 amarior
591 1059 735 1125 sentitur.
759 1058 874 1122 Trahit
894 1081 1022 1143 aquam,
1047 1060 1183 1124 sumitur
1197 1082 1255 1125 au-

136 1170 200 1223 tem
227 1159 260 1223 in
287 1160 357 1225 iure
384 1162 491 1244 aliquo
517 1172 572 1226 aut
598 1160 829 1246 hydromelite3
860 1170 1019 1227 vetustate
1041 1161 1119 1227 viris
1140 1160 1257 1246 perdit,

134 1283 246 1325 recens
267 1260 375 1325 urinas
398 1261 461 1327 ciet
482 1263 650 1328 decoctum
673 1263 706 1326 in
728 1284 813 1344 aqua
839 1261 890 1326 vel
918 1264 1026 1327 tritum
1054 1262 1257 1345 calculosque

133 1362 262 1449 frangit.
286 1359 352 1443 Qui
374 1361 471 1427 fidem
491 1363 650 1449 promisso
669 1362 743 1427 huic
758 1375 917 1446 quaerunt
938 1363 1110 1429 adfirmant
1131 1364 1256 1451 lapillos

134 1463 189 1544 qui
212 1462 441 1530 subfervefiant
462 1489 527 1530 una
548 1465 665 1552 rumpi.

177 1565 227 1628 52.
263 1564 432 1650 Epipactis
463 1566 504 1632 ab
540 1567 610 1632 aliis
642 1565 814 1632 elleborine
847 1576 994 1644 vocatur,
1028 1590 1128 1653 parva
1158 1567 1303 1632 herbata

133 1666 259 1750 exiguis
280 1666 374 1744 foliis,
396 1668 546 1734 iocineris
569 1669 656 1733 vitiis
678 1668 848 1733 utilissima
863 1679 895 1733 et
910 1679 1021 1733 contra
1035 1692 1157 1734 venena
1170 1680 1256 1755 pota.

176 1768 226 1832 53.
250 1767 442 1854 Epimedion
464 1770 564 1835 caulis
586 1782 636 1835 est
658 1793 723 1835 non
744 1793 881 1857 magnus
903 1770 1041 1835 hederae
1061 1768 1146 1836 foliis
1166 1770 1258 1833 denis

134 1878 230 1951 atque
252 1869 421 1945 duodenis,
444 1894 619 1956 numquam
640 1871 768 1949 florens,
790 1872 900 1936 radice
917 1871 1015 1948 tenui,
1038 1871 1143 1956 nigra,
1165 1870 1258 1958 gravi

134 1969 246 2045 odore3
268 1969 303 2033 in
325 1971 443 2035 umidis
465 1970 619 2037 nascitur.
641 1971 687 2036 Et
708 1971 784 2037 huie
800 1971 960 2058 spissandi
982 1971 1258 2058 refrigerandique

133 2079 255 2147 natura,
276 2071 403 2136 seminis
425 2074 576 2145 cavenda.
605 2072 700 2138 Folia
720 2073 754 2137 in
776 2073 851 2138 vino
873 2072 949 2137 trita
971 2073 1132 2159 virginum
1155 2096 1257 2137 mam-

134 2193 203 2236 mas
224 2172 385 2239 cohibent.
485 2226 490 2235 ,

177 2275 228 2338 54.
256 2273 503 2361 Enneaphyllon
524 2277 622 2366 longa
644 2276 721 2341 folia
747 2298 872 2341 novena
893 2275 992 2342 habet
1018 2276 1179 2342 causticae
1200 2301 1258 2342 na·
1274 2290 1304 2338 ιι

135 2385 226 2439 turae
232 2399 242 2451 3
270 2376 436 2463 inponitur
461 2378 533 2443 lana
556 2378 789 2444 circumdatum
811 2400 851 2442 ne
873 2389 947 2443 urat
967 2378 1080 2455 latius;
1110 2379 1260 2445 continuo

135 2477 266 2559 pusulas
300 2479 437 2556 excitat,
471 2480 653 2546 lumborum
688 2479 855 2545 doloribus
885 2492 917 2544 et
948 2480 1160 2546 coxendicum
1195 2481 1259 2544 uti-

134 2576 301 2642 lissimum.
611 2602 614 2607 ·

135 2787 285 2837 Barbar.K.
312 2789 398 2851 casiae,
416 2784 548 2842 oveco.
568 2818 598 2841 ·..
621 2789 714 2854 pusille,
731 2807 753 2841 a.
773 2833 803 2841 -
828 2789 939 2853 rotanda,
957 2807 1007 2840 om.
1020 2808 1041 2840 a
1062 2831 1093 2840 ..
1116 2789 1213 2852 sesave,
1225 2790 1258 2839 V.

34 2860 40 2871 ‘
135 2853 249 2917 senisque,
266 2848 392 2906 daran.
415 2900 447 2908 ..
474 2868 557 2924 secrete,
573 2861 657 2910 VRa.
684 2859 808 2923 sepelibat,
826 2855 898 2923 ἀβγ.
923 2900 953 2909 -
978 2875 1066 2907 acerem
1080 2865 1157 2924 puato,
1175 2861 1208 2908 V.
1228 2850 1259 2907 ..⁶-

136 2919 200 2982 odeo,
214 2924 247 2972 V.

170 2992 184 3052 §
199 2992 238 3040 75.
261 2989 395 3054 Emporos,
411 2987 469 3044 θΤ.
492 2994 624 3059 Empitros,
637 2996 744 3045 VRad.
768 2993 907 3058 Empetron,
924 2995 1038 3045 Murbac.
1055 3011 1095 3058 ap.
1109 2994 1215 3045 Cornan.
1227 2995 1261 3042 ad

135 3058 254 3108 Dioscor.
268 3067 292 3120 4,
308 3066 372 3121 159,
384 3058 413 3122 β.
432 3063 550 3113 Geterum
562 3079 587 3113 v.
598 3065 715 3113 Dioscor.
729 3070 752 3123 4,
768 3067 824 3114 178.
838 3103 869 3112 ..
879 3065 951 3124 fiere,
964 3064 1008 3112 R¹.
1023 3103 1053 3111 ..
1064 3077 1133 3124 quae,
1145 3063 1259 3111 Murbac.

136 3141 188 3188 que,
201 3128 283 3176 VRa
302 3127 372 3191 qaod,
384 3132 407 3179 d.
427 3145 480 3192 qao,
491 3133 595 3181 Barbar.
607 3126 658 3193 βγ.
678 3170 709 3178 -
726 3130 834 3193 propias,
846 3131 900 3180 Vd.
915 3130 1008 3193 propia,
1020 3130 1064 3178 Bt
1084 3127 1199 3192 propriis,
1211 3128 1260 3176 R2'.

133 3193 255 3256 proprius,
267 3212 290 3246 a.
310 3236 341 3245 -
351 3196 413 3260 fuit,
425 3199 529 3248 VRad.
550 3239 580 3247 ..
598 3197 673 3258 salsa,
685 3198 811 3248 VRTad
824 3195 964 3258 (Murbac.)
988 3194 1064 3260 mapt's
1074 3193 1150 3255 salsa,
1162 3195 1194 3244 K.
1217 3194 1261 3243 mi·

137 3276 180 3308 '¹21⁸
191 3260 265 3322 ffllffls
278 3265 385 3315 Barbar.
397 3260 454 3329 βγς
469 3273 495 3316 at
505 3282 528 3316 v.
540 3266 671 3316 Dioscor.:
690 3262 719 3314 ἐν
731 3260 879 3328 παραλίοις
888 3259 933 3312 καὶ
946 3263 1065 3328 ὀρεινοῖς
1076 3259 1185 3326 φύεται,
1199 3257 1260 3310 ota·

136 3324 184 3376 κὸν
197 3327 233 3395 τῇ
241 3327 348 3392 γεύσει·
367 3329 398 3381 τὸ
411 3330 444 3381 δὲ
455 3329 647 3398 προγειότερον
661 3329 829 3396 πικρότερον.
848 3373 880 3382 ..
900 3330 974 3380 trabit
986 3330 1062 3391 bilem,
1074 3331 1176 3380 VRad.
1195 3328 1262 3378 bilem

41 3396 47 3403 “
138 3395 220 3457 trabit,
231 3394 283 3463 βγ.
302 3440 334 3448 ..
352 3415 421 3464 quoe,
434 3403 510 3451 VRa
522 3398 664 3463 (Murbac.)
681 3416 734 3463 quo,
747 3401 850 3450 Barbar.
863 3395 935 3464 (ἱβγ.
955 3440 985 3449 -
1004 3406 1098 3446 terrena
1110 3398 1225 3459 amarior,
1237 3399 1261 3447 d.

138 3470 253 3514 terrenum
265 3466 445 3526 amarior,Ra.
471 3477 604 3517 terrenuma
615 3469 699 3528 maior,
713 3469 746 3518 V.
765 3509 796 3518 ..
819 3476 869 3527 aut,
882 3469 916 3518 V.
940 3475 973 3528 ut,
989 3459 1080 3515 03¹4.
1104 3473 1131 3513 at
1147 3465 1179 3526 in,
1192 3468 1261 3517 13²2.

137 3539 180 3580 cat
191 3532 223 3593 in,
235 3535 350 3585 Mnrbac.
362 3532 412 3600 βγ.
432 3577 464 3586 ..
482 3535 636 3598 calculosque,
649 3537 712 3587 VR.
731 3534 892 3600 maculasque,
905 3553 927 3586 a
946 3532 1055 3595 cubulos,
1068 3535 1121 3584 Τό.

171 3603 185 3664 ξ
200 3605 239 3652 to.
256 3600 391 3666 Epipcctis,
400 3606 504 3656 Barbar.
518 3614 544 3654 et
553 3605 657 3655 Gesner.
670 3607 702 3654 ds
713 3605 798 3656 herbis
806 3606 888 3655 lunar.
902 3620 926 3668 p.
937 3610 987 3664 32,
997 3605 1020 3653 d.
1038 3600 1171 3665 Epicoctt's,
1180 3602 1262 3652 VRa.

139 3709 169 3716 ..
189 3667 323 3732 elleborine,
336 3674 360 3721 d.
379 3671 511 3734 dledorine,
524 3689 547 3722 a.
566 3671 691 3734 eledorine,
702 3673 735 3722 V.
753 3671 809 3721 selle
821 3671 911 3734 clamne,
923 3673 954 3722 R.
968 3712 998 3722 ..
1015 3685 1103 3734 parvo,
1115 3670 1185 3719 Bu.
1201 3685 1263 3733 par·

138 3735 195 3796 vali,
205 3738 271 3786 VR¹
279 3740 303 3787 d.
314 3780 344 3788 ..
357 3738 507 3804 Epimedion,
521 3735 679 3792 OVRTad.
697 3739 857 3804 Epimedium,
869 3757 888 3791 r.
906 3736 1082 3803 Epimenidion,
1094 3732 1123 3799 β.
1142 3737 1263 3788 Ceterum

138 3818 161 3852 v,
173 3805 291 3855 Dioscor.
305 3814 328 3869 4,
344 3813 382 3857 19.
402 3851 431 3858 ..
452 3806 518 3858 dena
529 3817 572 3857 aut
583 3807 704 3870 duodenis,
716 3809 749 3858 K.
766 3850 797 3860 ...
814 3806 976 3874 praeludere,
988 3807 1079 3856 R²ad.
1097 3803 1205 3869 provido,
1218 3808 1262 3857 R¹.

136 3871 250 3934 prouida,
264 3874 297 3922 V.
319 3916 348 3923 ..
372 3875 397 3923 in
414 3875 501 3925 umidis
518 3877 632 3935 nosdtur,
649 3878 685 3927 ita
701 3892 747 3926 nos
764 3878 908 3941 scripsimus
926 3891 939 3924 e
957 3874 1069 3936 vestigiis
1086 3876 1159 3924 codd.
1176 3871 1264 3923 umidis

138 3939 252 4002 nascitur,
264 3957 287 3990 a.
310 3958 340 3990 ac
351 3942 376 3990 ia
388 3941 474 3992 umidis
485 3945 597 4006 noratur,
609 3945 694 3994 VTd.
719 3942 764 3992 bac
780 3944 804 3993 ia
816 3942 918 3993 humidis
929 3941 1043 4002 noscitur,
1055 3941 1086 3991 R.
1109 3939 1226 3992 Nascitur
1238 3941 1264 3992 ia

139 4004 247 4068 tumida,
258 4005 309 4074 ssy.
330 4050 360 4058 ..
371 4009 479 4073 semim'e,
491 4012 543 4062 aa.
561 4019 585 4059 et
595 4011 698 4071 seminis,
710 4012 765 4061 Vd.

172 4077 241 4138 577.
265 4075 375 4137 casticae,
389 4079 419 4127 R.
439 4119 469 4127 -
492 4076 668 4140 circumdatum,
681 4079 743 4129 VR.
766 4076 932 4138 circumdatur,
944 4093 967 4128 a.
990 4074 1146 4139 circumdato,
1159 4078 1211 4128 Tu.
1231 4117 1263 4130 .-

140 4137 392 4204 aemeliano.
420 4141 552 4210 latuassy.
572 4186 602 4195 ..
627 4146 830 4207 continuo,Vad.
857 4145 965 4195 continuo
981 4145 1049 4208 enim,
1066 4142 1146 4210 Rssr.
1166 4187 1197 4196 -
1218 4163 1263 4210 pu.

139 4208 211 4325 pules,
224 4213 344 4264 VRadr.
361 4211 478 4276 paetulos,
489 4209 517 4275 β.
537 4255 568 4263 ..
587 4220 618 4276 et,
630 4214 697 4264 R²a
712 4214 799 4266 omitt.
812 4215 909 4265 VR¹d.
930 4255 960 4265 ..
978 4213 1135 4276 adhesimem,
1147 4217 1198 4267 aa
1217 4214 1263 4265 uti-

149 4277 336 4339 mmaVTd
