<?xml version="1.0" encoding="UTF-8"?>
<!DOCTYPE html PUBLIC "-//W3C//DTD XHTML 1.0 Transitional//EN"
    "http://www.w3.org/TR/xhtml1/DTD/xhtml1-transitional.dtd">
<html xmlns="http://www.w3.org/1999/xhtml" xml:lang="en" lang="en">
 <head>
  <title>
</title>
<meta http-equiv="Content-Type" content="text/html;charset=utf-8" />
  <meta name='ocr-system' content='tesseract 3.04.00' />
  <meta name='ocr-capabilities' content='ocr_page ocr_carea ocr_par ocr_line ocrx_word'/>
</head>
<body>
  <div class='ocr_page' id='page_1' title='image "./cplinisecundina10plingoog_0134.png"; bbox 0 0 2918 4800; ppageno 0'>
   <div class='ocr_carea' id='block_1_1' title="bbox 445 302 1275 369">
    <p class='ocr_par' dir='ltr' id='par_1_1' title="bbox 445 302 1275 369">
     <span class='ocr_line' id='line_1_1' title="bbox 445 302 1275 369; baseline 0.001 -5"><span class='ocrx_word' id='word_1_1' title='bbox 445 319 516 365; x_wconf 81' lang='lat' dir='ltr'><strong>nm.</strong></span> <span class='ocrx_word' id='word_1_2' title='bbox 531 320 616 367; x_wconf 84' lang='lat' dir='ltr'><strong>xxv.</strong></span> <span class='ocrx_word' id='word_1_3' title='bbox 646 317 725 367; x_wconf 78' lang='lat' dir='ltr'><strong>cnr.</strong></span> <span class='ocrx_word' id='word_1_4' title='bbox 741 321 775 365; x_wconf 91' lang='lat' dir='ltr'><strong>v.</strong></span> <span class='ocrx_word' id='word_1_5' title='bbox 804 318 902 369; x_wconf 79' lang='lat' dir='ltr'><strong>sacr.</strong></span> <span class='ocrx_word' id='word_1_6' title='bbox 918 309 1020 365; x_wconf 61' lang='lat' dir='ltr'><strong>aaa!</strong></span> <span class='ocrx_word' id='word_1_7' title='bbox 1215 302 1275 365; x_wconf 75' lang='lat'><strong>123</strong></span> 
     </span>
    </p>
   </div>
   <div class='ocr_carea' id='block_1_2' title="bbox 155 467 1325 2381">
    <p class='ocr_par' dir='ltr' id='par_1_2' title="bbox 155 467 1325 1755">
     <span class='ocr_line' id='line_1_2' title="bbox 156 467 1275 555; baseline -0.001 -20"><span class='ocrx_word' id='word_1_8' title='bbox 156 490 253 554; x_wconf 86' lang='lat' dir='ltr'><strong>quarn</strong></span> <span class='ocrx_word' id='word_1_9' title='bbox 273 468 379 536; x_wconf 90' lang='lat' dir='ltr'><strong>hieme</strong></span> <span class='ocrx_word' id='word_1_10' title='bbox 399 468 542 536; x_wconf 90' lang='lat' dir='ltr'><strong>dandum</strong></span> <span class='ocrx_word' id='word_1_11' title='bbox 563 491 629 535; x_wconf 90' lang='lat' dir='ltr'><strong>non</strong></span> <span class='ocrx_word' id='word_1_12' title='bbox 651 470 755 537; x_wconf 89' lang='lat' dir='ltr'><strong>estin</strong></span> <span class='ocrx_word' id='word_1_13' title='bbox 775 469 889 547; x_wconf 83' lang='lat' dir='ltr'><strong>dubi03</strong></span> <span class='ocrx_word' id='word_1_14' title='bbox 917 491 1034 555; x_wconf 85' lang='lat' dir='ltr'><strong>eorpus</strong></span> <span class='ocrx_word' id='word_1_15' title='bbox 1061 478 1185 554; x_wconf 88' lang='lat' dir='ltr'><strong>septem</strong></span> <span class='ocrx_word' id='word_1_16' title='bbox 1206 467 1275 534; x_wconf 91' lang='lat' dir='ltr'><strong>die·</strong></span> 
     </span>
     <span class='ocr_line' id='line_1_3' title="bbox 155 571 1276 657; baseline -0.003 -20"><span class='ocrx_word' id='word_1_17' title='bbox 155 571 217 637; x_wconf 88' lang='lat' dir='ltr'><strong>bus</strong></span> <span class='ocrx_word' id='word_1_18' title='bbox 230 581 304 636; x_wconf 91' lang='lat' dir='ltr'><strong>ante</strong></span> <span class='ocrx_word' id='word_1_19' title='bbox 318 572 577 657; x_wconf 89' lang='lat' dir='ltr'><strong>praeparandum</strong></span> <span class='ocrx_word' id='word_1_20' title='bbox 591 572 672 639; x_wconf 91' lang='lat' dir='ltr'><strong>cibis</strong></span> <span class='ocrx_word' id='word_1_21' title='bbox 693 571 832 651; x_wconf 87' lang='lat' dir='ltr'><strong>acribus,</strong></span> <span class='ocrx_word' id='word_1_22' title='bbox 855 571 1047 637; x_wconf 82' lang='lat' dir='ltr'>abstinentia</span> <span class='ocrx_word' id='word_1_23' title='bbox 1062 571 1140 648; x_wconf 87' lang='lat' dir='ltr'><strong>vini,</strong></span> <span class='ocrx_word' id='word_1_24' title='bbox 1161 579 1276 655; x_wconf 86' lang='lat' dir='ltr'><strong>quarto</strong></span> 
     </span>
     <span class='ocr_line' id='line_1_4' title="bbox 157 670 1276 760; baseline -0.004 -21"><span class='ocrx_word' id='word_1_25' title='bbox 157 683 189 740; x_wconf 91' lang='lat' dir='ltr'><strong>et</strong></span> <span class='ocrx_word' id='word_1_26' title='bbox 211 672 305 739; x_wconf 88' lang='lat' dir='ltr'><strong>tertio</strong></span> <span class='ocrx_word' id='word_1_27' title='bbox 325 672 379 739; x_wconf 90' lang='lat' dir='ltr'><strong>die</strong></span> <span class='ocrx_word' id='word_1_28' title='bbox 400 673 638 754; x_wconf 79' lang='lat' dir='ltr'><strong>vomitionibus,</strong></span> <span class='ocrx_word' id='word_1_29' title='bbox 667 674 771 760; x_wconf 81' lang='lat' dir='ltr'><strong>pridie</strong></span> <span class='ocrx_word' id='word_1_30' title='bbox 793 696 893 739; x_wconf 90' lang='lat' dir='ltr'><strong>cenae</strong></span> <span class='ocrx_word' id='word_1_31' title='bbox 914 672 1119 738; x_wconf 79' lang='lat' dir='ltr'><strong>abstinentia.</strong></span> <span class='ocrx_word' id='word_1_32' title='bbox 1154 670 1276 736; x_wconf 85' lang='lat' dir='ltr'><strong>Album</strong></span> 
     </span>
     <span class='ocr_line' id='line_1_5' title="bbox 156 771 1278 862; baseline -0.003 -21"><span class='ocrx_word' id='word_1_33' title='bbox 156 773 243 842; x_wconf 91' lang='lat' dir='ltr'><strong>etin</strong></span> <span class='ocrx_word' id='word_1_34' title='bbox 264 772 350 839; x_wconf 90' lang='lat' dir='ltr'><strong>dulci</strong></span> <span class='ocrx_word' id='word_1_35' title='bbox 371 772 475 853; x_wconf 87' lang='lat' dir='ltr'><strong>datur,</strong></span> <span class='ocrx_word' id='word_1_36' title='bbox 506 775 670 862; x_wconf 81' lang='lat' dir='ltr'><strong>aptissime</strong></span> <span class='ocrx_word' id='word_1_37' title='bbox 692 796 769 840; x_wconf 90' lang='lat' dir='ltr'><strong>vero</strong></span> <span class='ocrx_word' id='word_1_38' title='bbox 790 774 824 839; x_wconf 92' lang='lat' dir='ltr'><strong>in</strong></span> <span class='ocrx_word' id='word_1_39' title='bbox 845 776 929 839; x_wconf 90' lang='lat' dir='ltr'><strong>lente</strong></span> <span class='ocrx_word' id='word_1_40' title='bbox 951 784 1008 839; x_wconf 91' lang='lat' dir='ltr'><strong>aut</strong></span> <span class='ocrx_word' id='word_1_41' title='bbox 1028 772 1126 858; x_wconf 90' lang='lat' dir='ltr'><strong>pulte.</strong></span> <span class='ocrx_word' id='word_1_42' title='bbox 1162 771 1278 857; x_wconf 88' lang='lat' dir='ltr'><strong>Nuper</strong></span> 
     </span>
     <span class='ocr_line' id='line_1_6' title="bbox 155 874 1278 962; baseline -0.002 -22"><span class='ocrx_word' id='word_1_43' title='bbox 155 875 306 942; x_wconf 82' lang='lat' dir='ltr'><strong>invenere</strong></span> <span class='ocrx_word' id='word_1_44' title='bbox 320 874 467 942; x_wconf 84' lang='lat' dir='ltr'><strong>dissectis</strong></span> <span class='ocrx_word' id='word_1_45' title='bbox 481 876 634 962; x_wconf 88' lang='lat' dir='ltr'><strong>raphanis</strong></span> <span class='ocrx_word' id='word_1_46' title='bbox 648 877 788 945; x_wconf 89' lang='lat' dir='ltr'><strong>inserere</strong></span> <span class='ocrx_word' id='word_1_47' title='bbox 798 876 994 942; x_wconf 87' lang='lat' dir='ltr'><strong>helleborum</strong></span> <span class='ocrx_word' id='word_1_48' title='bbox 1009 896 1185 958; x_wconf 89' lang='lat' dir='ltr'><strong>rursusque</strong></span> <span class='ocrx_word' id='word_1_49' title='bbox 1199 895 1278 939; x_wconf 91' lang='lat' dir='ltr'><strong>con·</strong></span> 
     </span>
     <span class='ocr_line' id='line_1_7' title="bbox 156 973 1279 1063; baseline -0.004 -20"><span class='ocrx_word' id='word_1_50' title='bbox 156 976 293 1063; x_wconf 89' lang='lat' dir='ltr'><strong>primere</strong></span> <span class='ocrx_word' id='word_1_51' title='bbox 307 977 467 1061; x_wconf 78' lang='lat' dir='ltr'><strong>raphanos</strong></span> <span class='ocrx_word' id='word_1_52' title='bbox 481 990 518 1043; x_wconf 93' lang='lat' dir='ltr'><strong>ut</strong></span> <span class='ocrx_word' id='word_1_53' title='bbox 533 990 673 1045; x_wconf 86' lang='lat' dir='ltr'><strong>transeat</strong></span> <span class='ocrx_word' id='word_1_54' title='bbox 688 979 747 1058; x_wconf 87' lang='lat' dir='ltr'><strong>vis,</strong></span> <span class='ocrx_word' id='word_1_55' title='bbox 770 989 866 1063; x_wconf 90' lang='lat' dir='ltr'><strong>atque</strong></span> <span class='ocrx_word' id='word_1_56' title='bbox 880 978 1052 1044; x_wconf 90' lang='lat' dir='ltr'><strong>lenimento</strong></span> <span class='ocrx_word' id='word_1_57' title='bbox 1071 977 1164 1052; x_wconf 83' lang='lat' dir='ltr'><strong>dare3</strong></span> <span class='ocrx_word' id='word_1_58' title='bbox 1186 973 1279 1040; x_wconf 89' lang='lat' dir='ltr'><strong>reddi</strong></span> 
     </span>
     <span class='ocr_line' id='line_1_8' title="bbox 156 1076 1278 1167; baseline 0 -25"><span class='ocrx_word' id='word_1_59' title='bbox 156 1088 229 1165; x_wconf 88' lang='lat' dir='ltr'><strong>post</strong></span> <span class='ocrx_word' id='word_1_60' title='bbox 248 1089 398 1163; x_wconf 90' lang='lat' dir='ltr'><strong>quattuor</strong></span> <span class='ocrx_word' id='word_1_61' title='bbox 418 1080 485 1146; x_wconf 85' lang='lat' dir='ltr'><strong>fere</strong></span> <span class='ocrx_word' id='word_1_62' title='bbox 506 1080 602 1146; x_wconf 90' lang='lat' dir='ltr'><strong>horas</strong></span> <span class='ocrx_word' id='word_1_63' title='bbox 623 1081 753 1167; x_wconf 85' lang='lat' dir='ltr'><strong>incipit3</strong></span> <span class='ocrx_word' id='word_1_64' title='bbox 777 1091 879 1147; x_wconf 91' lang='lat' dir='ltr'><strong>totum</strong></span> <span class='ocrx_word' id='word_1_65' title='bbox 894 1102 977 1167; x_wconf 88' lang='lat' dir='ltr'><strong>opus</strong></span> <span class='ocrx_word' id='word_1_66' title='bbox 991 1078 1133 1165; x_wconf 82' lang='lat' dir='ltr'><strong>septenis</strong></span> <span class='ocrx_word' id='word_1_67' title='bbox 1146 1076 1278 1165; x_wconf 89' lang='lat' dir='ltr'><strong>peragi-</strong></span> 
     </span>
     <span class='ocr_line' id='line_1_9' title="bbox 158 1179 1325 1261; baseline -0.003 -17"><span class='ocrx_word' id='word_1_68' title='bbox 158 1189 211 1244; x_wconf 87' lang='lat' dir='ltr'><strong>tur</strong></span> <span class='ocrx_word' id='word_1_69' title='bbox 229 1179 327 1246; x_wconf 92' lang='lat' dir='ltr'><strong>horie.</strong></span> <span class='ocrx_word' id='word_1_70' title='bbox 349 1179 504 1248; x_wconf 90' lang='lat' dir='ltr'><strong>Medetur</strong></span> <span class='ocrx_word' id='word_1_71' title='bbox 524 1183 569 1247; x_wconf 89' lang='lat' dir='ltr'><strong>ita</strong></span> <span class='ocrx_word' id='word_1_72' title='bbox 589 1182 710 1249; x_wconf 87' lang='lat' dir='ltr'><strong>morbis</strong></span> <span class='ocrx_word' id='word_1_73' title='bbox 730 1182 953 1261; x_wconf 87' lang='lat' dir='ltr'><strong>comitialibus,</strong></span> <span class='ocrx_word' id='word_1_74' title='bbox 976 1191 1011 1247; x_wconf 91' lang='lat' dir='ltr'><strong>ut</strong></span> <span class='ocrx_word' id='word_1_75' title='bbox 1032 1179 1182 1257; x_wconf 77' lang='lat' dir='ltr'><strong>diximus,</strong></span> <span class='ocrx_word' id='word_1_76' title='bbox 1204 1200 1277 1244; x_wconf 87' lang='lat' dir='ltr'><strong>ver·</strong></span> <span class='ocrx_word' id='word_1_77' title='bbox 1291 1195 1325 1240; x_wconf 82' lang='lat' dir='ltr'><strong>oo</strong></span> 
     </span>
     <span class='ocr_line' id='line_1_10' title="bbox 157 1277 1278 1370; baseline -0.003 -26"><span class='ocrx_word' id='word_1_78' title='bbox 157 1279 261 1366; x_wconf 85' lang='lat' dir='ltr'><strong>tigini,</strong></span> <span class='ocrx_word' id='word_1_79' title='bbox 282 1283 528 1364; x_wconf 78' lang='lat' dir='ltr'><strong>melancholicis,</strong></span> <span class='ocrx_word' id='word_1_80' title='bbox 551 1283 795 1362; x_wconf 83' lang='lat' dir='ltr'><strong>insanientibus,</strong></span> <span class='ocrx_word' id='word_1_81' title='bbox 823 1282 1038 1370; x_wconf 84' lang='lat' dir='ltr'><strong>lymphaticis,</strong></span> <span class='ocrx_word' id='word_1_82' title='bbox 1068 1277 1278 1367; x_wconf 87' lang='lat' dir='ltr'><strong>elephantiasi</strong></span> 
     </span>
     <span class='ocr_line' id='line_1_11' title="bbox 157 1380 1277 1474; baseline 0 -28"><span class='ocrx_word' id='word_1_83' title='bbox 157 1380 257 1461; x_wconf 85' lang='lat' dir='ltr'><strong>albae,</strong></span> <span class='ocrx_word' id='word_1_84' title='bbox 277 1382 385 1470; x_wconf 88' lang='lat' dir='ltr'><strong>lepris,</strong></span> <span class='ocrx_word' id='word_1_85' title='bbox 407 1394 524 1464; x_wconf 87' lang='lat' dir='ltr'><strong>tetano,</strong></span> <span class='ocrx_word' id='word_1_86' title='bbox 540 1385 694 1464; x_wconf 87' lang='lat' dir='ltr'><strong>tremulis,</strong></span> <span class='ocrx_word' id='word_1_87' title='bbox 709 1385 903 1474; x_wconf 85' lang='lat' dir='ltr'><strong>podagricis,</strong></span> <span class='ocrx_word' id='word_1_88' title='bbox 918 1383 1106 1470; x_wconf 87' lang='lat' dir='ltr'><strong>hydropicis</strong></span> <span class='ocrx_word' id='word_1_89' title='bbox 1118 1383 1277 1469; x_wconf 89' lang='lat' dir='ltr'><strong>incipien-</strong></span> 
     </span>
     <span class='ocr_line' id='line_1_12' title="bbox 158 1481 1278 1573; baseline 0 -25"><span class='ocrx_word' id='word_1_90' title='bbox 158 1483 307 1568; x_wconf 88' lang='lat' dir='ltr'><strong>tibusque</strong></span> <span class='ocrx_word' id='word_1_91' title='bbox 321 1487 524 1572; x_wconf 85' lang='lat' dir='ltr'><strong>tympanicis,</strong></span> <span class='ocrx_word' id='word_1_92' title='bbox 549 1486 761 1566; x_wconf 85' lang='lat' dir='ltr'><strong>stomachicis,</strong></span> <span class='ocrx_word' id='word_1_93' title='bbox 777 1487 924 1573; x_wconf 84' lang='lat' dir='ltr'><strong>spasticis</strong></span> <span class='ocrx_word' id='word_1_94' title='bbox 939 1485 1071 1572; x_wconf 86' lang='lat' dir='ltr'><strong>cynicis,</strong></span> <span class='ocrx_word' id='word_1_95' title='bbox 1085 1481 1278 1561; x_wconf 85' lang='lat' dir='ltr'><strong>ischiadicis,</strong></span> 
     </span>
     <span class='ocr_line' id='line_1_13' title="bbox 157 1584 1278 1670; baseline -0.002 -18"><span class='ocrx_word' id='word_1_96' title='bbox 157 1585 323 1670; x_wconf 85' lang='lat' dir='ltr'><strong>quartanis</strong></span> <span class='ocrx_word' id='word_1_97' title='bbox 344 1608 427 1670; x_wconf 91' lang='lat' dir='ltr'><strong>quae</strong></span> <span class='ocrx_word' id='word_1_98' title='bbox 448 1588 541 1653; x_wconf 90' lang='lat' dir='ltr'><strong>aliter</strong></span> <span class='ocrx_word' id='word_1_99' title='bbox 560 1611 625 1654; x_wconf 91' lang='lat' dir='ltr'><strong>non</strong></span> <span class='ocrx_word' id='word_1_100' title='bbox 639 1588 796 1668; x_wconf 89' lang='lat' dir='ltr'><strong>desinant,</strong></span> <span class='ocrx_word' id='word_1_101' title='bbox 820 1588 901 1653; x_wconf 89' lang='lat' dir='ltr'><strong>tussi</strong></span> <span class='ocrx_word' id='word_1_102' title='bbox 915 1588 1027 1666; x_wconf 90' lang='lat' dir='ltr'><strong>veteri,</strong></span> <span class='ocrx_word' id='word_1_103' title='bbox 1048 1584 1278 1662; x_wconf 86' lang='lat' dir='ltr'><strong>inflationibus,</strong></span> 
     </span>
     <span class='ocr_line' id='line_1_14' title="bbox 157 1686 587 1755; baseline 0.002 -2"><span class='ocrx_word' id='word_1_104' title='bbox 157 1686 347 1754; x_wconf 88' lang='lat' dir='ltr'><strong>torminibus</strong></span> <span class='ocrx_word' id='word_1_105' title='bbox 366 1688 587 1755; x_wconf 85' lang='lat' dir='ltr'><strong>redeuntibus</strong></span> 
     </span>
    </p>

    <p class='ocr_par' dir='ltr' id='par_1_3' title="bbox 157 1784 1322 2381">
     <span class='ocr_line' id='line_1_15' title="bbox 199 1784 1322 1876; baseline -0.005 -23"><span class='ocrx_word' id='word_1_106' title='bbox 199 1790 251 1854; x_wconf 77' lang='grc'><strong>25.</strong></span> <span class='ocrx_word' id='word_1_107' title='bbox 276 1789 397 1856; x_wconf 89' lang='lat' dir='ltr'><strong>Vetant</strong></span> <span class='ocrx_word' id='word_1_108' title='bbox 423 1790 493 1855; x_wconf 85' lang='lat' dir='ltr'><strong>dari</strong></span> <span class='ocrx_word' id='word_1_109' title='bbox 520 1789 667 1870; x_wconf 88' lang='lat' dir='ltr'><strong>senibus,</strong></span> <span class='ocrx_word' id='word_1_110' title='bbox 696 1789 822 1876; x_wconf 90' lang='lat' dir='ltr'><strong>pueris,</strong></span> <span class='ocrx_word' id='word_1_111' title='bbox 852 1789 930 1854; x_wconf 92' lang='lat' dir='ltr'><strong>item</strong></span> <span class='ocrx_word' id='word_1_112' title='bbox 957 1787 1062 1854; x_wconf 92' lang='lat' dir='ltr'><strong>mollis</strong></span> <span class='ocrx_word' id='word_1_113' title='bbox 1088 1809 1127 1854; x_wconf 89' lang='lat' dir='ltr'><strong>ac</strong></span> <span class='ocrx_word' id='word_1_114' title='bbox 1148 1784 1279 1853; x_wconf 84' lang='lat' dir='ltr'><strong>feminei</strong></span> <span class='ocrx_word' id='word_1_115' title='bbox 1293 1802 1322 1847; x_wconf 82' lang='lat' dir='ltr'><strong>er</strong></span> 
     </span>
     <span class='ocr_line' id='line_1_16' title="bbox 158 1887 1278 1975; baseline -0.004 -20"><span class='ocrx_word' id='word_1_116' title='bbox 158 1890 301 1975; x_wconf 89' lang='lat' dir='ltr'><strong>corporis</strong></span> <span class='ocrx_word' id='word_1_117' title='bbox 314 1889 464 1968; x_wconf 89' lang='lat' dir='ltr'><strong>animive,</strong></span> <span class='ocrx_word' id='word_1_118' title='bbox 486 1891 624 1958; x_wconf 90' lang='lat' dir='ltr'><strong>exilibus</strong></span> <span class='ocrx_word' id='word_1_119' title='bbox 639 1901 696 1956; x_wconf 91' lang='lat' dir='ltr'><strong>aut</strong></span> <span class='ocrx_word' id='word_1_120' title='bbox 709 1890 838 1969; x_wconf 89' lang='lat' dir='ltr'><strong>teneris,</strong></span> <span class='ocrx_word' id='word_1_121' title='bbox 861 1900 893 1955; x_wconf 90' lang='lat' dir='ltr'><strong>et</strong></span> <span class='ocrx_word' id='word_1_122' title='bbox 912 1887 1042 1954; x_wconf 82' lang='lat' dir='ltr'><strong>seminis</strong></span> <span class='ocrx_word' id='word_1_123' title='bbox 1055 1890 1161 1953; x_wconf 90' lang='lat' dir='ltr'><strong>minus</strong></span> <span class='ocrx_word' id='word_1_124' title='bbox 1181 1908 1278 1971; x_wconf 90' lang='lat' dir='ltr'><strong>quam</strong></span> 
     </span>
     <span class='ocr_line' id='line_1_17' title="bbox 158 1988 1279 2076; baseline -0.002 -21"><span class='ocrx_word' id='word_1_125' title='bbox 158 1988 248 2069; x_wconf 86' lang='lat' dir='ltr'><strong>viris,</strong></span> <span class='ocrx_word' id='word_1_126' title='bbox 272 1990 348 2057; x_wconf 89' lang='lat' dir='ltr'><strong>item</strong></span> <span class='ocrx_word' id='word_1_127' title='bbox 371 1991 501 2070; x_wconf 90' lang='lat' dir='ltr'><strong>timidis,</strong></span> <span class='ocrx_word' id='word_1_128' title='bbox 530 2003 586 2057; x_wconf 91' lang='lat' dir='ltr'><strong>aut</strong></span> <span class='ocrx_word' id='word_1_129' title='bbox 608 1992 635 2058; x_wconf 91' lang='lat' dir='ltr'><strong>si</strong></span> <span class='ocrx_word' id='word_1_130' title='bbox 657 1992 839 2058; x_wconf 83' lang='lat' dir='ltr'><strong>exulcerata</strong></span> <span class='ocrx_word' id='word_1_131' title='bbox 860 1991 924 2056; x_wconf 87' lang='lat' dir='ltr'><strong>sint</strong></span> <span class='ocrx_word' id='word_1_132' title='bbox 945 1989 1133 2076; x_wconf 88' lang='lat' dir='ltr'><strong>praecordia</strong></span> <span class='ocrx_word' id='word_1_133' title='bbox 1154 1988 1205 2054; x_wconf 89' lang='lat' dir='ltr'><strong>vel</strong></span> <span class='ocrx_word' id='word_1_134' title='bbox 1226 1997 1279 2053; x_wconf 90' lang='lat' dir='ltr'><strong>tu·</strong></span> 
     </span>
     <span class='ocr_line' id='line_1_18' title="bbox 158 2089 1281 2179; baseline -0.002 -25"><span class='ocrx_word' id='word_1_135' title='bbox 158 2100 280 2170; x_wconf 88' lang='lat' dir='ltr'><strong>meant,</strong></span> <span class='ocrx_word' id='word_1_136' title='bbox 307 2092 450 2158; x_wconf 90' lang='lat' dir='ltr'><strong>minume</strong></span> <span class='ocrx_word' id='word_1_137' title='bbox 476 2093 669 2179; x_wconf 86' lang='lat' dir='ltr'><strong>sanguinem</strong></span> <span class='ocrx_word' id='word_1_138' title='bbox 689 2091 932 2158; x_wconf 88' lang='lat' dir='ltr'><strong>exscreantibus</strong></span> <span class='ocrx_word' id='word_1_139' title='bbox 953 2089 1149 2156; x_wconf 83' lang='lat' dir='ltr'><strong>causariisve</strong></span> <span class='ocrx_word' id='word_1_140' title='bbox 1168 2090 1281 2166; x_wconf 86' lang='lat' dir='ltr'><strong>latere,</strong></span> 
     </span>
     <span class='ocr_line' id='line_1_19' title="bbox 157 2189 1279 2278; baseline -0.002 -23"><span class='ocrx_word' id='word_1_141' title='bbox 157 2190 315 2257; x_wconf 84' lang='lat' dir='ltr'><strong>faucibus.</strong></span> <span class='ocrx_word' id='word_1_142' title='bbox 335 2191 487 2259; x_wconf 85' lang='lat' dir='ltr'><strong>Medetur</strong></span> <span class='ocrx_word' id='word_1_143' title='bbox 509 2205 602 2259; x_wconf 86' lang='lat' dir='ltr'><strong>extra</strong></span> <span class='ocrx_word' id='word_1_144' title='bbox 620 2193 774 2277; x_wconf 88' lang='lat' dir='ltr'><strong>corporis,</strong></span> <span class='ocrx_word' id='word_1_145' title='bbox 803 2190 1027 2278; x_wconf 87' lang='lat' dir='ltr'><strong>eruptionibus</strong></span> <span class='ocrx_word' id='word_1_146' title='bbox 1047 2189 1184 2278; x_wconf 88' lang='lat' dir='ltr'><strong>pituitae</strong></span> <span class='ocrx_word' id='word_1_147' title='bbox 1204 2208 1279 2253; x_wconf 92' lang='lat' dir='ltr'><strong>cum</strong></span> 
     </span>
     <span class='ocr_line' id='line_1_20' title="bbox 160 2292 1279 2381; baseline -0.002 -24"><span class='ocrx_word' id='word_1_148' title='bbox 160 2293 302 2380; x_wconf 82' lang='lat' dir='ltr'><strong>axungia</strong></span> <span class='ocrx_word' id='word_1_149' title='bbox 322 2293 406 2358; x_wconf 86' lang='lat' dir='ltr'><strong>salsa</strong></span> <span class='ocrx_word' id='word_1_150' title='bbox 426 2294 597 2374; x_wconf 89' lang='lat' dir='ltr'><strong>inlinitum,</strong></span> <span class='ocrx_word' id='word_1_151' title='bbox 619 2294 698 2360; x_wconf 91' lang='lat' dir='ltr'><strong>item</strong></span> <span class='ocrx_word' id='word_1_152' title='bbox 719 2293 942 2381; x_wconf 88' lang='lat' dir='ltr'><strong>suppurationi</strong></span> <span class='ocrx_word' id='word_1_153' title='bbox 957 2293 1058 2358; x_wconf 87' lang='lat' dir='ltr'><strong>veteri</strong></span> <span class='ocrx_word' id='word_1_154' title='bbox 1064 2316 1074 2369; x_wconf 84' lang='lat'>3</span> <span class='ocrx_word' id='word_1_155' title='bbox 1095 2292 1197 2356; x_wconf 91' lang='lat' dir='ltr'><strong>muris</strong></span> <span class='ocrx_word' id='word_1_156' title='bbox 1218 2310 1279 2376; x_wconf 86' lang='lat' dir='ltr'><strong>po·</strong></span> 
     </span>
    </p>
   </div>
   <div class='ocr_carea' id='block_1_3' title="bbox 159 2390 1280 2782">
    <p class='ocr_par' dir='ltr' id='par_1_4' title="bbox 159 2390 1280 2782">
     <span class='ocr_line' id='line_1_21' title="bbox 159 2390 1280 2482; baseline -0.004 -26"><span class='ocrx_word' id='word_1_157' title='bbox 159 2391 264 2458; x_wconf 89' lang='lat' dir='ltr'><strong>lentae</strong></span> <span class='ocrx_word' id='word_1_158' title='bbox 286 2394 462 2459; x_wconf 86' lang='lat' dir='ltr'><strong>admixtum</strong></span> <span class='ocrx_word' id='word_1_159' title='bbox 482 2407 586 2461; x_wconf 86' lang='lat' dir='ltr'><strong>necat.</strong></span> <span class='ocrx_word' id='word_1_160' title='bbox 610 2392 697 2460; x_wconf 89' lang='lat' dir='ltr'><strong>Galli</strong></span> <span class='ocrx_word' id='word_1_161' title='bbox 712 2395 846 2482; x_wconf 82' lang='lat' dir='ltr'><strong>sagittas</strong></span> <span class='ocrx_word' id='word_1_162' title='bbox 860 2394 894 2458; x_wconf 91' lang='lat' dir='ltr'><strong>in</strong></span> <span class='ocrx_word' id='word_1_163' title='bbox 909 2404 1027 2460; x_wconf 89' lang='lat' dir='ltr'><strong>venatu</strong></span> <span class='ocrx_word' id='word_1_164' title='bbox 1040 2391 1201 2458; x_wconf 88' lang='lat' dir='ltr'><strong>helleboro</strong></span> <span class='ocrx_word' id='word_1_165' title='bbox 1214 2390 1280 2456; x_wconf 79' lang='lat' dir='ltr'><strong>tin.</strong></span> 
     </span>
     <span class='ocr_line' id='line_1_22' title="bbox 161 2493 1279 2580; baseline -0.001 -22"><span class='ocrx_word' id='word_1_166' title='bbox 161 2504 240 2580; x_wconf 85' lang='lat' dir='ltr'><strong>gunt</strong></span> <span class='ocrx_word' id='word_1_167' title='bbox 261 2493 515 2579; x_wconf 89' lang='lat' dir='ltr'><strong>circumcisoque</strong></span> <span class='ocrx_word' id='word_1_168' title='bbox 537 2495 664 2562; x_wconf 88' lang='lat' dir='ltr'><strong>volnere</strong></span> <span class='ocrx_word' id='word_1_169' title='bbox 686 2496 876 2562; x_wconf 86' lang='lat' dir='ltr'><strong>teneriorem</strong></span> <span class='ocrx_word' id='word_1_170' title='bbox 899 2495 1010 2561; x_wconf 87' lang='lat' dir='ltr'><strong>sentiri</strong></span> <span class='ocrx_word' id='word_1_171' title='bbox 1032 2515 1159 2561; x_wconf 88' lang='lat' dir='ltr'><strong>carnem</strong></span> <span class='ocrx_word' id='word_1_172' title='bbox 1181 2493 1279 2557; x_wconf 83' lang='lat' dir='ltr'><strong>adtir-</strong></span> 
     </span>
     <span class='ocr_line' id='line_1_23' title="bbox 160 2594 1279 2680; baseline 0.002 -23"><span class='ocrx_word' id='word_1_173' title='bbox 160 2605 258 2658; x_wconf 91' lang='lat' dir='ltr'><strong>mant.</strong></span> <span class='ocrx_word' id='word_1_174' title='bbox 280 2594 416 2661; x_wconf 89' lang='lat' dir='ltr'><strong>Muscae</strong></span> <span class='ocrx_word' id='word_1_175' title='bbox 430 2617 556 2680; x_wconf 89' lang='lat' dir='ltr'><strong>quoque</strong></span> <span class='ocrx_word' id='word_1_176' title='bbox 570 2597 643 2663; x_wconf 88' lang='lat' dir='ltr'><strong>albo</strong></span> <span class='ocrx_word' id='word_1_177' title='bbox 657 2608 812 2662; x_wconf 90' lang='lat' dir='ltr'><strong>necantur</strong></span> <span class='ocrx_word' id='word_1_178' title='bbox 830 2596 905 2660; x_wconf 91' lang='lat' dir='ltr'><strong>trito</strong></span> <span class='ocrx_word' id='word_1_179' title='bbox 920 2605 952 2661; x_wconf 94' lang='lat' dir='ltr'><strong>et</strong></span> <span class='ocrx_word' id='word_1_180' title='bbox 966 2618 1039 2661; x_wconf 89' lang='lat' dir='ltr'><strong>cum</strong></span> <span class='ocrx_word' id='word_1_181' title='bbox 1052 2594 1135 2660; x_wconf 85' lang='lat' dir='ltr'><strong>lacte</strong></span> <span class='ocrx_word' id='word_1_182' title='bbox 1150 2615 1279 2679; x_wconf 88' lang='lat' dir='ltr'><strong>spars03</strong></span> 
     </span>
     <span class='ocr_line' id='line_1_24' title="bbox 161 2693 751 2782; baseline 0.008 -25"><span class='ocrx_word' id='word_1_183' title='bbox 161 2693 273 2760; x_wconf 89' lang='lat' dir='ltr'><strong>eodem</strong></span> <span class='ocrx_word' id='word_1_184' title='bbox 294 2706 327 2761; x_wconf 92' lang='lat' dir='ltr'><strong>et</strong></span> <span class='ocrx_word' id='word_1_185' title='bbox 347 2696 534 2782; x_wconf 86' lang='lat' dir='ltr'><strong>phthiriasis</strong></span> <span class='ocrx_word' id='word_1_186' title='bbox 555 2695 751 2764; x_wconf 89' lang='lat' dir='ltr'><strong>emendatur.</strong></span> 
     </span>
    </p>
   </div>
   <div class='ocr_carea' id='block_1_4' title="bbox 161 2865 1280 3071">
    <p class='ocr_par' dir='ltr' id='par_1_5' title="bbox 161 2865 1280 3071">
     <span class='ocr_line' id='line_1_25' title="bbox 161 2865 1280 2988; baseline -0.01 -62"><span class='ocrx_word' id='word_1_187' title='bbox 161 2865 459 2988; x_wconf 45' lang='lat' dir='ltr'><strong>dibrihffbhkdbss&#39;</strong></span> <span class='ocrx_word' id='word_1_188' title='bbox 485 2870 604 2986; x_wconf 63' lang='lat' dir='ltr'><strong>quopiam,</strong></span> <span class='ocrx_word' id='word_1_189' title='bbox 619 2888 639 2921; x_wconf 87' lang='lat' dir='ltr'><strong>r.</strong></span> <span class='ocrx_word' id='word_1_190' title='bbox 666 2912 698 2921; x_wconf 81' lang='grc'>-</span> <span class='ocrx_word' id='word_1_191' title='bbox 725 2868 1068 2987; x_wconf 44' lang='grc' dir='ltr'><strong>υἰηίῐρὸεείῃσηῑιὲοζιιιμ</strong></span> <span class='ocrx_word' id='word_1_192' title='bbox 1095 2910 1137 2985; x_wconf 52' lang='grc' dir='ltr'><strong>ῖω</strong></span> <span class='ocrx_word' id='word_1_193' title='bbox 1156 2866 1220 2987; x_wconf 51' lang='lat' dir='ltr'><strong>ling,</strong></span> <span class='ocrx_word' id='word_1_194' title='bbox 1230 2875 1280 2929; x_wconf 83' lang='lat' dir='ltr'><strong>sat,</strong></span> 
     </span>
     <span class='ocr_line' id='line_1_26' title="bbox 161 2933 1278 3071; baseline 0.004 -21"><span class='ocrx_word' id='word_1_195' title='bbox 161 3000 209 3063; x_wconf 70' lang='lat' dir='ltr'><strong>aa,</strong></span> <span class='ocrx_word' id='word_1_196' title='bbox 221 3005 247 3053; x_wconf 85' lang='lat' dir='ltr'><strong>a.</strong></span> <span class='ocrx_word' id='word_1_197' title='bbox 264 3044 296 3053; x_wconf 90' lang='lat'><strong>..</strong></span> <span class='ocrx_word' id='word_1_198' title='bbox 314 2972 393 3068; x_wconf 61' lang='lat' dir='ltr'><strong>Aa..</strong></span> <span class='ocrx_word' id='word_1_199' title='bbox 409 2933 785 3071; x_wconf 53' lang='lat' dir='ltr'><strong>odilc.⁰clsbm⁰⁸il,ie&#39;r.&#39;.</strong></span> <span class='ocrx_word' id='word_1_200' title='bbox 807 2946 940 3067; x_wconf 43' lang='lat' dir='ltr'><strong>labisbal</strong></span> <span class='ocrx_word' id='word_1_201' title='bbox 951 2943 1170 3066; x_wconf 43' lang='lat' dir='ltr'><strong>basilissa,</strong></span> <span class='ocrx_word' id='word_1_202' title='bbox 1185 2976 1278 3054; x_wconf 53' lang='lat' dir='ltr'><strong>ov.—</strong></span> 
     </span>
    </p>
   </div>
   <div class='ocr_carea' id='block_1_5' title="bbox 160 3101 1282 3575">
    <p class='ocr_par' dir='ltr' id='par_1_6' title="bbox 160 3101 1282 3575">
     <span class='ocr_line' id='line_1_27' title="bbox 194 3101 1281 3172; baseline 0.004 -20"><span class='ocrx_word' id='word_1_203' title='bbox 194 3103 261 3167; x_wconf 68' lang='lat' dir='ltr'><strong>teo.</strong></span> <span class='ocrx_word' id='word_1_204' title='bbox 280 3101 408 3171; x_wconf 68' lang='lat' dir='ltr'><strong>ammas</strong></span> <span class='ocrx_word' id='word_1_205' title='bbox 422 3112 461 3157; x_wconf 80' lang='lat' dir='ltr'><strong>sa.</strong></span> <span class='ocrx_word' id='word_1_206' title='bbox 480 3147 512 3158; x_wconf 78' lang='grc'><strong>-</strong></span> <span class='ocrx_word' id='word_1_207' title='bbox 530 3106 651 3172; x_wconf 67' lang='lat' dir='ltr'><strong>warna</strong></span> <span class='ocrx_word' id='word_1_208' title='bbox 663 3109 694 3160; x_wconf 76' lang='lat' dir='ltr'><strong>r.</strong></span> <span class='ocrx_word' id='word_1_209' title='bbox 713 3148 745 3158; x_wconf 81' lang='grc'>-</span> <span class='ocrx_word' id='word_1_210' title='bbox 762 3104 937 3172; x_wconf 60' lang='lat' dir='ltr'><strong>amaea,</strong></span> <span class='ocrx_word' id='word_1_211' title='bbox 948 3107 1012 3157; x_wconf 83' lang='lat' dir='ltr'><strong>va.</strong></span> <span class='ocrx_word' id='word_1_212' title='bbox 1030 3146 1062 3155; x_wconf 92' lang='lat'><strong>..</strong></span> <span class='ocrx_word' id='word_1_213' title='bbox 1085 3103 1244 3170; x_wconf 52' lang='lat' dir='ltr'><strong>tempusa,</strong></span> <span class='ocrx_word' id='word_1_214' title='bbox 1255 3107 1281 3156; x_wconf 80' lang='lat' dir='ltr'><strong>a</strong></span> 
     </span>
     <span class='ocr_line' id='line_1_28' title="bbox 162 3165 1281 3240; baseline -0.002 -19"><span class='ocrx_word' id='word_1_215' title='bbox 162 3165 295 3234; x_wconf 72' lang='lat' dir='ltr'><strong>lymphatis,</strong></span> <span class='ocrx_word' id='word_1_216' title='bbox 307 3173 399 3224; x_wconf 87' lang='lat' dir='ltr'><strong>VBs²</strong></span> <span class='ocrx_word' id='word_1_217' title='bbox 411 3171 553 3237; x_wconf 87' lang='lat' dir='ltr'><strong>(Murbac.)</strong></span> <span class='ocrx_word' id='word_1_218' title='bbox 571 3173 709 3240; x_wconf 69' lang='lat' dir='ltr'><strong>lymphas-is,</strong></span> <span class='ocrx_word' id='word_1_219' title='bbox 720 3177 756 3225; x_wconf 84' lang='lat' dir='ltr'><strong>a¹.</strong></span> <span class='ocrx_word' id='word_1_220' title='bbox 771 3172 978 3238; x_wconf 63' lang='lat' dir='ltr'><strong>..elephantiasi</strong></span> <span class='ocrx_word' id='word_1_221' title='bbox 994 3169 1151 3225; x_wconf 65' lang='lat' dir='ltr'><strong>vavrae.</strong></span> <span class='ocrx_word' id='word_1_222' title='bbox 1170 3170 1281 3234; x_wconf 71' lang='lat' dir='ltr'><strong>eleplens-</strong></span> 
     </span>
     <span class='ocr_line' id='line_1_29' title="bbox 162 3232 1282 3305; baseline 0 -16"><span class='ocrx_word' id='word_1_223' title='bbox 162 3232 258 3297; x_wconf 71' lang='grc' dir='ltr'><strong>ἰίαθ,β.</strong></span> <span class='ocrx_word' id='word_1_224' title='bbox 284 3279 315 3289; x_wconf 85' lang='grc'><strong>..</strong></span> <span class='ocrx_word' id='word_1_225' title='bbox 343 3238 421 3301; x_wconf 84' lang='lat' dir='ltr'><strong>albas,</strong></span> <span class='ocrx_word' id='word_1_226' title='bbox 438 3257 488 3291; x_wconf 90' lang='lat' dir='ltr'><strong>om.</strong></span> <span class='ocrx_word' id='word_1_227' title='bbox 502 3242 533 3291; x_wconf 87' lang='grc' dir='ltr'><strong>Τ.</strong></span> <span class='ocrx_word' id='word_1_228' title='bbox 560 3282 592 3291; x_wconf 76' lang='grc'>-</span> <span class='ocrx_word' id='word_1_229' title='bbox 619 3240 785 3305; x_wconf 63' lang='lat' dir='ltr'><strong>tympuaiticsls,</strong></span> <span class='ocrx_word' id='word_1_230' title='bbox 801 3242 880 3291; x_wconf 84' lang='lat' dir='ltr'><strong>Hard.</strong></span> <span class='ocrx_word' id='word_1_231' title='bbox 897 3241 981 3290; x_wconf 88' lang='lat' dir='ltr'><strong>tacito.</strong></span> <span class='ocrx_word' id='word_1_232' title='bbox 1008 3280 1039 3289; x_wconf 88' lang='lat'><strong>..</strong></span> <span class='ocrx_word' id='word_1_233' title='bbox 1066 3237 1282 3298; x_wconf 71' lang='lat' dir='ltr'><strong>stomachiciaRa</strong></span> 
     </span>
     <span class='ocr_line' id='line_1_30' title="bbox 161 3299 1281 3372; baseline 0 -19"><span class='ocrx_word' id='word_1_234' title='bbox 161 3299 300 3368; x_wconf 82' lang='lat' dir='ltr'><strong>(Murbae.)</strong></span> <span class='ocrx_word' id='word_1_235' title='bbox 325 3307 465 3365; x_wconf 80' lang='lat' dir='ltr'><strong>stomccica&#39;s,</strong></span> <span class='ocrx_word' id='word_1_236' title='bbox 483 3310 516 3358; x_wconf 88' lang='lat' dir='ltr'><strong>V.</strong></span> <span class='ocrx_word' id='word_1_237' title='bbox 542 3308 679 3369; x_wconf 75' lang='lat' dir='ltr'><strong>aromaticis,</strong></span> <span class='ocrx_word' id='word_1_238' title='bbox 703 3302 753 3359; x_wconf 80' lang='grc' dir='ltr'><strong>θᾱ.</strong></span> <span class='ocrx_word' id='word_1_239' title='bbox 780 3348 811 3358; x_wconf 89' lang='grc'><strong>..</strong></span> <span class='ocrx_word' id='word_1_240' title='bbox 839 3306 934 3372; x_wconf 58' lang='lat' dir='ltr'><strong>match,</strong></span> <span class='ocrx_word' id='word_1_241' title='bbox 953 3323 986 3357; x_wconf 92' lang='lat' dir='ltr'><strong>ar</strong></span> <span class='ocrx_word' id='word_1_242' title='bbox 1006 3302 1145 3369; x_wconf 87' lang='lat' dir='ltr'><strong>(Murbao.)</strong></span> <span class='ocrx_word' id='word_1_243' title='bbox 1171 3304 1281 3368; x_wconf 65' lang='lat' dir='ltr'><strong>quiniou,</strong></span> 
     </span>
     <span class='ocr_line' id='line_1_31' title="bbox 161 3371 1282 3439; baseline 0.002 -18"><span class='ocrx_word' id='word_1_244' title='bbox 161 3371 274 3423; x_wconf 83' lang='lat' dir='ltr'><strong>VRTd.</strong></span> <span class='ocrx_word' id='word_1_245' title='bbox 292 3372 390 3437; x_wconf 59' lang='lat' dir='ltr'><strong>charas,</strong></span> <span class='ocrx_word' id='word_1_246' title='bbox 402 3371 432 3436; x_wconf 80' lang='grc' dir='ltr'><strong>β.</strong></span> <span class='ocrx_word' id='word_1_247' title='bbox 456 3375 880 3435; x_wconf 79' lang='lat' dir='ltr'><strong>V.Msrcurial.var.1ccts,aa.,</strong></span> <span class='ocrx_word' id='word_1_248' title='bbox 901 3374 945 3439; x_wconf 91' lang='lat' dir='ltr'><strong>qui</strong></span> <span class='ocrx_word' id='word_1_249' title='bbox 962 3374 1002 3424; x_wconf 89' lang='lat' dir='ltr'><strong>vel</strong></span> <span class='ocrx_word' id='word_1_250' title='bbox 1018 3372 1120 3436; x_wconf 65' lang='lat' dir='ltr'><strong>marmio</strong></span> <span class='ocrx_word' id='word_1_251' title='bbox 1136 3372 1224 3438; x_wconf 69' lang='lat' dir='ltr'><strong>cyahis</strong></span> <span class='ocrx_word' id='word_1_252' title='bbox 1240 3373 1282 3423; x_wconf 84' lang='lat' dir='ltr'><strong>rel</strong></span> 
     </span>
     <span class='ocr_line' id='line_1_32' title="bbox 160 3438 1281 3507; baseline 0.001 -19"><span class='ocrx_word' id='word_1_253' title='bbox 160 3438 278 3501; x_wconf 63' lang='lat' dir='ltr'><strong>spaeram,</strong></span> <span class='ocrx_word' id='word_1_254' title='bbox 295 3440 383 3506; x_wconf 61' lang='lat' dir='ltr'><strong>maath</strong></span> <span class='ocrx_word' id='word_1_255' title='bbox 398 3443 439 3492; x_wconf 84' lang='lat' dir='ltr'><strong>vel</strong></span> <span class='ocrx_word' id='word_1_256' title='bbox 454 3442 565 3506; x_wconf 63' lang='lat' dir='ltr'><strong>saaca</strong></span> <span class='ocrx_word' id='word_1_257' title='bbox 590 3440 766 3505; x_wconf 67' lang='lat' dir='ltr'><strong>chronicalegi</strong></span> <span class='ocrx_word' id='word_1_258' title='bbox 778 3442 909 3507; x_wconf 88' lang='lat' dir='ltr'><strong>posseait.</strong></span> <span class='ocrx_word' id='word_1_259' title='bbox 928 3482 959 3491; x_wconf 87' lang='lat'><strong>..</strong></span> <span class='ocrx_word' id='word_1_260' title='bbox 977 3439 1171 3502; x_wconf 62' lang='lat' dir='ltr'><strong>scindulaVR.</strong></span> <span class='ocrx_word' id='word_1_261' title='bbox 1191 3479 1223 3490; x_wconf 93' lang='grc'><strong>..</strong></span> <span class='ocrx_word' id='word_1_262' title='bbox 1240 3438 1281 3489; x_wconf 83' lang='lat' dir='ltr'><strong>de·</strong></span> 
     </span>
     <span class='ocr_line' id='line_1_33' title="bbox 160 3479 1166 3575; baseline 0.003 -21"><span class='ocrx_word' id='word_1_263' title='bbox 160 3504 231 3568; x_wconf 72' lang='lat' dir='ltr'><strong>aas,</strong></span> <span class='ocrx_word' id='word_1_264' title='bbox 244 3507 304 3557; x_wconf 82' lang='lat' dir='ltr'><strong>vs.</strong></span> <span class='ocrx_word' id='word_1_265' title='bbox 323 3548 355 3558; x_wconf 80' lang='lat'><strong>-</strong></span> <span class='ocrx_word' id='word_1_266' title='bbox 372 3507 539 3573; x_wconf 59' lang='lat' dir='ltr'><strong>amiensem,</strong></span> <span class='ocrx_word' id='word_1_267' title='bbox 555 3479 725 3561; x_wconf 71' lang='lat' dir='ltr'><strong>bvaraar</strong></span> <span class='ocrx_word' id='word_1_268' title='bbox 736 3506 876 3573; x_wconf 73' lang='lat' dir='ltr'><strong>(narba.)</strong></span> <span class='ocrx_word' id='word_1_269' title='bbox 893 3507 1125 3575; x_wconf 72' lang='lat' dir='ltr'><strong>aflammaanoa,</strong></span> <span class='ocrx_word' id='word_1_270' title='bbox 1136 3502 1166 3570; x_wconf 75' lang='grc' dir='ltr'><strong>β.</strong></span> 
     </span>
    </p>
   </div>
   <div class='ocr_carea' id='block_1_6' title="bbox 160 3604 1282 4285">
    <p class='ocr_par' dir='ltr' id='par_1_7' title="bbox 160 3604 1282 4285">
     <span class='ocr_line' id='line_1_34' title="bbox 194 3604 1280 3675; baseline 0.002 -18"><span class='ocrx_word' id='word_1_271' title='bbox 194 3604 209 3666; x_wconf 80' lang='lat'>§</span> <span class='ocrx_word' id='word_1_272' title='bbox 222 3613 262 3658; x_wconf 86' lang='grc'><strong>61.</strong></span> <span class='ocrx_word' id='word_1_273' title='bbox 276 3608 367 3672; x_wconf 82' lang='lat' dir='ltr'><strong>pueris,</strong></span> <span class='ocrx_word' id='word_1_274' title='bbox 379 3611 455 3663; x_wconf 84' lang='lat' dir='ltr'><strong>Vad.</strong></span> <span class='ocrx_word' id='word_1_275' title='bbox 473 3619 497 3660; x_wconf 85' lang='lat' dir='ltr'><strong>et</strong></span> <span class='ocrx_word' id='word_1_276' title='bbox 569 3606 684 3675; x_wconf 78' lang='grc' dir='ltr'><strong>’,Ββγ.</strong></span> <span class='ocrx_word' id='word_1_277' title='bbox 694 3653 725 3661; x_wconf 86' lang='grc'><strong>-</strong></span> <span class='ocrx_word' id='word_1_278' title='bbox 739 3609 823 3672; x_wconf 78' lang='lat' dir='ltr'><strong>mollis,</strong></span> <span class='ocrx_word' id='word_1_279' title='bbox 835 3613 872 3662; x_wconf 87' lang='lat' dir='ltr'><strong>ad</strong></span> <span class='ocrx_word' id='word_1_280' title='bbox 884 3608 1025 3673; x_wconf 81' lang='lat' dir='ltr'><strong>(Murbac.)</strong></span> <span class='ocrx_word' id='word_1_281' title='bbox 1043 3607 1159 3669; x_wconf 83' lang='lat' dir='ltr'><strong>mollibus,</strong></span> <span class='ocrx_word' id='word_1_282' title='bbox 1170 3608 1234 3659; x_wconf 78' lang='lat' dir='ltr'><strong>VR.</strong></span> <span class='ocrx_word' id='word_1_283' title='bbox 1248 3648 1280 3659; x_wconf 89' lang='lat'>-</span> 
     </span>
     <span class='ocr_line' id='line_1_35' title="bbox 160 3627 1281 3743; baseline 0.004 -23"><span class='ocrx_word' id='word_1_284' title='bbox 160 3672 263 3736; x_wconf 79' lang='lat' dir='ltr'><strong>minime,</strong></span> <span class='ocrx_word' id='word_1_285' title='bbox 275 3675 369 3728; x_wconf 84' lang='lat' dir='ltr'><strong>RTad</strong></span> <span class='ocrx_word' id='word_1_286' title='bbox 379 3627 605 3743; x_wconf 55' lang='lat' dir='ltr'><strong>(Murenam,</strong></span> <span class='ocrx_word' id='word_1_287' title='bbox 617 3679 651 3730; x_wconf 89' lang='lat' dir='ltr'><strong>V.</strong></span> <span class='ocrx_word' id='word_1_288' title='bbox 669 3677 797 3741; x_wconf 74' lang='lat' dir='ltr'><strong>minimest,</strong></span> <span class='ocrx_word' id='word_1_289' title='bbox 808 3674 838 3741; x_wconf 80' lang='grc' dir='ltr'><strong>β.</strong></span> <span class='ocrx_word' id='word_1_290' title='bbox 857 3720 888 3729; x_wconf 90' lang='grc'><strong>..</strong></span> <span class='ocrx_word' id='word_1_291' title='bbox 907 3678 1076 3737; x_wconf 65' lang='lat' dir='ltr'><strong>maranata,</strong></span> <span class='ocrx_word' id='word_1_292' title='bbox 1088 3677 1120 3726; x_wconf 83' lang='lat' dir='ltr'><strong>B.</strong></span> <span class='ocrx_word' id='word_1_293' title='bbox 1140 3717 1171 3725; x_wconf 87' lang='grc'><strong>..</strong></span> <span class='ocrx_word' id='word_1_294' title='bbox 1194 3691 1281 3725; x_wconf 81' lang='lat' dir='ltr'><strong>caasa·</strong></span> 
     </span>
     <span class='ocr_line' id='line_1_36' title="bbox 160 3735 1280 3812; baseline 0.005 -23"><span class='ocrx_word' id='word_1_295' title='bbox 160 3739 232 3790; x_wconf 64' lang='lat' dir='ltr'><strong>rasos</strong></span> <span class='ocrx_word' id='word_1_296' title='bbox 243 3741 324 3805; x_wconf 81' lang='lat' dir='ltr'><strong>latere,</strong></span> <span class='ocrx_word' id='word_1_297' title='bbox 337 3745 393 3796; x_wconf 89' lang='lat' dir='ltr'><strong>Vd.</strong></span> <span class='ocrx_word' id='word_1_298' title='bbox 411 3746 529 3796; x_wconf 69' lang='lat' dir='ltr'><strong>causor-iia</strong></span> <span class='ocrx_word' id='word_1_299' title='bbox 541 3746 578 3796; x_wconf 84' lang='lat' dir='ltr'><strong>sel</strong></span> <span class='ocrx_word' id='word_1_300' title='bbox 589 3745 669 3807; x_wconf 85' lang='lat' dir='ltr'><strong>latera,</strong></span> <span class='ocrx_word' id='word_1_301' title='bbox 681 3742 780 3811; x_wconf 65' lang='lat' dir='ltr'><strong>Rassr.</strong></span> <span class='ocrx_word' id='word_1_302' title='bbox 794 3789 825 3797; x_wconf 91' lang='lat'><strong>..</strong></span> <span class='ocrx_word' id='word_1_303' title='bbox 830 3746 954 3810; x_wconf 72' lang='lat' dir='ltr'><strong>scarabei,</strong></span> <span class='ocrx_word' id='word_1_304' title='bbox 966 3746 1048 3798; x_wconf 85' lang='lat' dir='ltr'><strong>VRa</strong></span> <span class='ocrx_word' id='word_1_305' title='bbox 1057 3735 1116 3812; x_wconf 56' lang='grc' dir='ltr'><strong>Μ]</strong></span> <span class='ocrx_word' id='word_1_306' title='bbox 1121 3742 1246 3808; x_wconf 66' lang='lat' dir='ltr'><strong>sonabas,</strong></span> <span class='ocrx_word' id='word_1_307' title='bbox 1255 3747 1280 3795; x_wconf 89' lang='lat' dir='ltr'><strong>d.</strong></span> 
     </span>
     <span class='ocr_line' id='line_1_37' title="bbox 161 3805 1281 3878; baseline 0.005 -22"><span class='ocrx_word' id='word_1_308' title='bbox 161 3805 324 3873; x_wconf 79' lang='lat' dir='ltr'><strong>valsaacibas,</strong></span> <span class='ocrx_word' id='word_1_309' title='bbox 335 3807 387 3877; x_wconf 74' lang='grc' dir='ltr'><strong>βγ.</strong></span> <span class='ocrx_word' id='word_1_310' title='bbox 406 3854 437 3863; x_wconf 86' lang='grc'><strong>..</strong></span> <span class='ocrx_word' id='word_1_311' title='bbox 456 3813 569 3864; x_wconf 83' lang='lat' dir='ltr'><strong>Medatar</strong></span> <span class='ocrx_word' id='word_1_312' title='bbox 584 3823 652 3863; x_wconf 76' lang='lat' dir='ltr'><strong>caua</strong></span> <span class='ocrx_word' id='word_1_313' title='bbox 667 3814 784 3878; x_wconf 54' lang='lat' dir='ltr'><strong>comoda</strong></span> <span class='ocrx_word' id='word_1_314' title='bbox 802 3829 896 3878; x_wconf 84' lang='lat' dir='ltr'><strong>magna</strong></span> <span class='ocrx_word' id='word_1_315' title='bbox 910 3816 937 3865; x_wconf 90' lang='lat' dir='ltr'><strong>h.</strong></span> <span class='ocrx_word' id='word_1_316' title='bbox 953 3815 971 3865; x_wconf 95' lang='lat' dir='ltr'><strong>l.</strong></span> <span class='ocrx_word' id='word_1_317' title='bbox 988 3822 1028 3863; x_wconf 84' lang='lat' dir='ltr'><strong>est</strong></span> <span class='ocrx_word' id='word_1_318' title='bbox 1043 3812 1194 3876; x_wconf 87' lang='lat' dir='ltr'><strong>corruptela,</strong></span> <span class='ocrx_word' id='word_1_319' title='bbox 1210 3813 1281 3876; x_wconf 88' lang='lat' dir='ltr'><strong>quod</strong></span> 
     </span>
     <span class='ocr_line' id='line_1_38' title="bbox 161 3881 1280 3947; baseline 0.005 -22"><span class='ocrx_word' id='word_1_320' title='bbox 161 3883 186 3926; x_wconf 91' lang='lat' dir='ltr'><strong>et</strong></span> <span class='ocrx_word' id='word_1_321' title='bbox 197 3881 363 3938; x_wconf 80' lang='lat' dir='ltr'><strong>grammatica</strong></span> <span class='ocrx_word' id='word_1_322' title='bbox 373 3882 508 3932; x_wconf 86' lang='lat' dir='ltr'><strong>verborum</strong></span> <span class='ocrx_word' id='word_1_323' title='bbox 521 3882 690 3933; x_wconf 81' lang='lat' dir='ltr'><strong>conformatio</strong></span> <span class='ocrx_word' id='word_1_324' title='bbox 703 3891 729 3932; x_wconf 90' lang='lat' dir='ltr'><strong>et</strong></span> <span class='ocrx_word' id='word_1_325' title='bbox 744 3883 799 3947; x_wconf 88' lang='lat' dir='ltr'><strong>ipse</strong></span> <span class='ocrx_word' id='word_1_326' title='bbox 816 3896 904 3933; x_wconf 87' lang='lat' dir='ltr'><strong>sensus</strong></span> <span class='ocrx_word' id='word_1_327' title='bbox 921 3881 1039 3933; x_wconf 85' lang='lat' dir='ltr'><strong>ostendit.</strong></span> <span class='ocrx_word' id='word_1_328' title='bbox 1057 3881 1215 3932; x_wconf 79' lang='lat' dir='ltr'><strong>Exciderunt</strong></span> <span class='ocrx_word' id='word_1_329' title='bbox 1225 3895 1280 3931; x_wconf 85' lang='lat' dir='ltr'><strong>eor·</strong></span> 
     </span>
     <span class='ocr_line' id='line_1_39' title="bbox 160 3944 1281 4012; baseline 0.004 -19"><span class='ocrx_word' id='word_1_330' title='bbox 160 3944 229 4006; x_wconf 85' lang='lat' dir='ltr'><strong>poris</strong></span> <span class='ocrx_word' id='word_1_331' title='bbox 239 3947 329 4007; x_wconf 88' lang='lat' dir='ltr'><strong>morbi,</strong></span> <span class='ocrx_word' id='word_1_332' title='bbox 342 3949 432 4011; x_wconf 89' lang='lat' dir='ltr'><strong>quibus</strong></span> <span class='ocrx_word' id='word_1_333' title='bbox 444 3949 583 4000; x_wconf 86' lang='lat' dir='ltr'><strong>elleborum</strong></span> <span class='ocrx_word' id='word_1_334' title='bbox 595 3951 751 4001; x_wconf 87' lang='lat' dir='ltr'><strong>extrinsecus</strong></span> <span class='ocrx_word' id='word_1_335' title='bbox 763 3953 894 4000; x_wconf 87' lang='lat' dir='ltr'><strong>admotum</strong></span> <span class='ocrx_word' id='word_1_336' title='bbox 905 3952 1027 4009; x_wconf 86' lang='lat' dir='ltr'><strong>medetur,</strong></span> <span class='ocrx_word' id='word_1_337' title='bbox 1040 3948 1135 4000; x_wconf 82' lang='lat' dir='ltr'><strong>excidit</strong></span> <span class='ocrx_word' id='word_1_338' title='bbox 1146 3962 1181 4012; x_wconf 90' lang='lat' dir='ltr'><strong>op</strong></span> <span class='ocrx_word' id='word_1_339' title='bbox 1216 3947 1281 4011; x_wconf 88' lang='lat' dir='ltr'><strong>sitio,</strong></span> 
     </span>
     <span class='ocr_line' id='line_1_40' title="bbox 160 4013 1280 4081; baseline 0.003 -20"><span class='ocrx_word' id='word_1_340' title='bbox 160 4024 226 4073; x_wconf 82' lang='lat' dir='ltr'><strong>quae</strong></span> <span class='ocrx_word' id='word_1_341' title='bbox 236 4013 358 4065; x_wconf 84' lang='lat' dir='ltr'><strong>adverbio</strong></span> <span class='ocrx_word' id='word_1_342' title='bbox 369 4015 651 4067; x_wconf 75' lang='lat' dir='ltr'><strong>iatnsindicandaerat.</strong></span> <span class='ocrx_word' id='word_1_343' title='bbox 664 4056 696 4066; x_wconf 80' lang='grc'><strong>-</strong></span> <span class='ocrx_word' id='word_1_344' title='bbox 715 4031 807 4081; x_wconf 76' lang='lat' dir='ltr'><strong>corpus,</strong></span> <span class='ocrx_word' id='word_1_345' title='bbox 819 4018 852 4067; x_wconf 88' lang='lat' dir='ltr'><strong>K.</strong></span> <span class='ocrx_word' id='word_1_346' title='bbox 872 4057 903 4066; x_wconf 90' lang='lat'><strong>..</strong></span> <span class='ocrx_word' id='word_1_347' title='bbox 921 4015 1050 4080; x_wconf 68' lang='lat' dir='ltr'><strong>menapia</strong></span> <span class='ocrx_word' id='word_1_348' title='bbox 1061 4017 1095 4067; x_wconf 89' lang='lat' dir='ltr'><strong>V.</strong></span> <span class='ocrx_word' id='word_1_349' title='bbox 1108 4056 1140 4069; x_wconf 77' lang='grc'><strong>-</strong></span> <span class='ocrx_word' id='word_1_350' title='bbox 1153 4014 1178 4065; x_wconf 83' lang='lat' dir='ltr'><strong>s&#39;a</strong></span> <span class='ocrx_word' id='word_1_351' title='bbox 1193 4014 1199 4027; x_wconf 82' lang='lat'><strong>‘</strong></span> <span class='ocrx_word' id='word_1_352' title='bbox 1213 4013 1280 4077; x_wconf 79' lang='lat' dir='ltr'><strong>itura,</strong></span> 
     </span>
     <span class='ocr_line' id='line_1_41' title="bbox 160 4077 1282 4148; baseline 0.004 -19"><span class='ocrx_word' id='word_1_353' title='bbox 160 4079 224 4129; x_wconf 85' lang='lat' dir='ltr'><strong>VR.</strong></span> <span class='ocrx_word' id='word_1_354' title='bbox 242 4078 445 4147; x_wconf 51' lang='lat' dir='ltr'><strong>illitumadffl.</strong></span> <span class='ocrx_word' id='word_1_355' title='bbox 469 4123 499 4134; x_wconf 83' lang='lat'>-</span> <span class='ocrx_word' id='word_1_356' title='bbox 528 4098 614 4145; x_wconf 81' lang='lat' dir='ltr'><strong>mores,</strong></span> <span class='ocrx_word' id='word_1_357' title='bbox 627 4083 688 4135; x_wconf 70' lang='lat' dir='ltr'><strong>VR.</strong></span> <span class='ocrx_word' id='word_1_358' title='bbox 717 4123 747 4133; x_wconf 87' lang='lat'><strong>..</strong></span> <span class='ocrx_word' id='word_1_359' title='bbox 805 4083 889 4147; x_wconf 77' lang='lat' dir='ltr'><strong>batos,</strong></span> <span class='ocrx_word' id='word_1_360' title='bbox 910 4077 1010 4134; x_wconf 76' lang='lat' dir='ltr'><strong>Orac.</strong></span> <span class='ocrx_word' id='word_1_361' title='bbox 1025 4082 1221 4148; x_wconf 65' lang='lat' dir='ltr'><strong>petasaavu.</strong></span> <span class='ocrx_word' id='word_1_362' title='bbox 1236 4099 1282 4147; x_wconf 83' lang='lat' dir='ltr'><strong>po·</strong></span> 
     </span>
     <span class='ocr_line' id='line_1_42' title="bbox 161 4142 1281 4214; baseline 0.005 -21"><span class='ocrx_word' id='word_1_363' title='bbox 161 4142 233 4208; x_wconf 84' lang='lat' dir='ltr'><strong>lenta,</strong></span> <span class='ocrx_word' id='word_1_364' title='bbox 244 4143 273 4210; x_wconf 79' lang='grc' dir='ltr'><strong>β.</strong></span> <span class='ocrx_word' id='word_1_365' title='bbox 293 4190 324 4198; x_wconf 80' lang='grc'><strong>-</strong></span> <span class='ocrx_word' id='word_1_366' title='bbox 343 4157 422 4214; x_wconf 67' lang='lat' dir='ltr'><strong>nepot,</strong></span> <span class='ocrx_word' id='word_1_367' title='bbox 434 4151 468 4200; x_wconf 93' lang='lat' dir='ltr'><strong>V.</strong></span> <span class='ocrx_word' id='word_1_368' title='bbox 488 4191 519 4199; x_wconf 86' lang='lat'><strong>..</strong></span> <span class='ocrx_word' id='word_1_369' title='bbox 540 4149 624 4200; x_wconf 65' lang='lat' dir='ltr'><strong>senari</strong></span> <span class='ocrx_word' id='word_1_370' title='bbox 638 4166 741 4210; x_wconf 79' lang='lat' dir='ltr'><strong>caraea,</strong></span> <span class='ocrx_word' id='word_1_371' title='bbox 783 4168 806 4202; x_wconf 83' lang='lat' dir='ltr'><strong>a.</strong></span> <span class='ocrx_word' id='word_1_372' title='bbox 829 4166 923 4201; x_wconf 82' lang='lat' dir='ltr'><strong>caraem</strong></span> <span class='ocrx_word' id='word_1_373' title='bbox 938 4150 1028 4213; x_wconf 75' lang='lat' dir='ltr'><strong>sarriri,</strong></span> <span class='ocrx_word' id='word_1_374' title='bbox 1041 4152 1093 4204; x_wconf 84' lang='lat' dir='ltr'><strong>Rd.</strong></span> <span class='ocrx_word' id='word_1_375' title='bbox 1117 4192 1148 4202; x_wconf 90' lang='lat'><strong>..</strong></span> <span class='ocrx_word' id='word_1_376' title='bbox 1171 4148 1225 4200; x_wconf 82' lang='lat' dir='ltr'><strong>albo</strong></span> <span class='ocrx_word' id='word_1_377' title='bbox 1240 4165 1281 4200; x_wconf 78' lang='lat' dir='ltr'><strong>aa·</strong></span> 
     </span>
     <span class='ocr_line' id='line_1_43' title="bbox 161 4214 1224 4285; baseline 0.007 -22"><span class='ocrx_word' id='word_1_378' title='bbox 161 4222 252 4277; x_wconf 73' lang='lat' dir='ltr'><strong>martur,</strong></span> <span class='ocrx_word' id='word_1_379' title='bbox 264 4219 288 4267; x_wconf 87' lang='lat' dir='ltr'><strong>d.</strong></span> <span class='ocrx_word' id='word_1_380' title='bbox 306 4215 361 4266; x_wconf 87' lang='lat' dir='ltr'><strong>alvo</strong></span> <span class='ocrx_word' id='word_1_381' title='bbox 372 4225 493 4279; x_wconf 76' lang='lat' dir='ltr'><strong>assuatur,</strong></span> <span class='ocrx_word' id='word_1_382' title='bbox 506 4218 567 4270; x_wconf 83' lang='lat' dir='ltr'><strong>VR.</strong></span> <span class='ocrx_word' id='word_1_383' title='bbox 586 4225 698 4268; x_wconf 68' lang='lat' dir='ltr'><strong>amantur</strong></span> <span class='ocrx_word' id='word_1_384' title='bbox 709 4217 771 4281; x_wconf 83' lang='lat' dir='ltr'><strong>albo,</strong></span> <span class='ocrx_word' id='word_1_385' title='bbox 784 4214 854 4285; x_wconf 69' lang='grc' dir='ltr'><strong>αβγ.</strong></span> <span class='ocrx_word' id='word_1_386' title='bbox 874 4261 905 4270; x_wconf 76' lang='grc'>-</span> <span class='ocrx_word' id='word_1_387' title='bbox 924 4219 986 4280; x_wconf 81' lang='lat' dir='ltr'><strong>trito,</strong></span> <span class='ocrx_word' id='word_1_388' title='bbox 998 4221 1023 4270; x_wconf 90' lang='lat' dir='ltr'><strong>d.</strong></span> <span class='ocrx_word' id='word_1_389' title='bbox 1042 4219 1130 4283; x_wconf 79' lang='lat' dir='ltr'><strong>tritum,</strong></span> <span class='ocrx_word' id='word_1_390' title='bbox 1142 4219 1224 4270; x_wconf 75' lang='lat' dir='ltr'><strong>vua</strong></span> 
     </span>
    </p>
   </div>
   <div class='ocr_carea' id='block_1_7' title="bbox 0 0 1468 4800">
    <p class='ocr_par' dir='ltr' id='par_1_8' title="bbox 0 0 1468 4800">
     <span class='ocr_line' id='line_1_44' title="bbox 0 0 1468 4800; baseline 0 0"><span class='ocrx_word' id='word_1_391' title='bbox 0 0 1468 4800; x_wconf 95' lang='lat' dir='ltr'><strong> </strong></span> 
     </span>
    </p>
   </div>
  </div>
 </body>
</html>
