2918 4800
188 245 251 306 344
539 257 743 303 narnensis
765 257 960 303 fflsronrss

189 423 251 488 tur,
275 412 352 475 item
375 411 408 473 in
430 409 554 474 fistulas
576 409 726 491 aurisque
749 420 953 493 suppuratae.
988 407 1042 470 Ad
1063 407 1123 471 hoc
1146 407 1311 472 detonsam
1324 427 1359 470 as

190 537 273 590 eam,
296 512 350 576 alii
373 512 513 576 evolsam
536 511 651 575 decisis
667 512 799 574 summis
814 509 960 595 partibus
976 509 1099 573 siccant
1113 520 1311 594 carpuntque

190 627 223 678 et
244 615 277 677 in
299 613 387 679 fictili
411 613 510 676 crudo
532 623 728 696 componunt
749 634 787 675 ac
809 611 901 676 melle
924 611 1117 696 perfundunt
1140 622 1308 695 uruntque.

189 715 257 779 Alii
279 715 395 779 assulis
418 715 530 779 taedae
553 713 705 779 subiectis
727 725 759 777 et
781 711 917 777 subinde
939 713 1133 777 interstratis
1160 713 1228 776 oleo
1251 712 1326 776 ad·'

192 839 335 903 spensam
358 816 536 880 accendunt
563 815 766 899 cineremque
794 815 826 877 in
852 813 976 879 labellis
998 836 1080 898 aqua
1102 814 1213 878 addita
1234 837 1311 879 con·

192 916 308 980 fricant
323 939 421 980 manu
443 927 476 981 et
498 917 663 981 considere
685 916 860 1000 patiuntur,
883 916 981 1000 idque
1006 915 1135 1000 saepius
1150 925 1313 980 mutantes

192 1039 319 1101 aquam,
344 1019 446 1095 donec
467 1018 612 1104 linguam
635 1017 814 1102 adstringat
835 1016 949 1081 leniter
970 1039 1030 1081 nec
1056 1017 1215 1093 mordeat3
1245 1026 1314 1078 tum

193 1120 334 1184 cinerem
354 1131 524 1204 reponunt.
557 1119 620 1184 Vis
642 1119 711 1184 eins
734 1118 857 1203 septica
879 1130 928 1182 est
950 1118 1232 1200 efficacissimeque
1254 1139 1314 1204 ge-

193 1242 252 1284 nas
274 1230 400 1307 purgat.
1154 1221 1156 1225 ’

238 1325 286 1386 10.
312 1320 401 1403 Quin
422 1322 511 1408 ipsae
534 1323 644 1387 sordes
665 1322 825 1406 pecudum
842 1322 1002 1405 sudorque
1024 1322 1178 1386 feminum
1200 1332 1232 1386 et
1248 1321 1315 1386 ala·
1330 1340 1362 1384 ss

194 1447 265 1491 rum
281 1423 491 1487 adhaerentes
506 1423 588 1488 lanis
601 1446 811 1509 ..oesypum
826 1433 942 1488 vocant
958 1476 997 1486 ..
1015 1423 1198 1488 innumeros
1215 1444 1317 1509 prope

196 1547 275 1588 usus
297 1523 430 1602 habent3
459 1524 492 1587 in
519 1524 637 1589 Atticis
666 1523 780 1589 ovibus
809 1525 916 1613 genito
944 1523 1059 1609 palma.
1093 1522 1148 1589 Fit
1169 1524 1323 1608 pluribus,

195 1626 310 1704 modis,
336 1625 393 1690 sed
414 1624 675 1711 probatissimum
697 1627 772 1690 lana
798 1626 838 1690 ab
860 1625 911 1690 his
932 1625 1079 1711 partibus
1100 1628 1219 1690 recenti
1240 1648 1317 1691 con·

196 1739 308 1813 cerpta
329 1739 384 1792 aut
405 1726 661 1812 quibuscumque
685 1726 833 1794 sordibus
857 1727 977 1792 sucidis
1003 1727 1142 1813 primum
1168 1728 1317 1806 collectis,

196 1829 281 1894 lento
308 1829 377 1917 igni
405 1830 438 1892 in
467 1851 565 1894 aeneo
594 1829 835 1894 subfervefactis
863 1839 895 1895 et
920 1828 1116 1915 refrigeratis
1142 1829 1319 1918 pinguique

198 1931 285 2013 quod
317 1941 503 2016 supernatet
536 1931 668 1995 collecto
701 1930 734 1995 in
768 1929 863 1994 fictile
895 1952 952 1995 vas
983 1930 1162 2013 iterumque
1189 1931 1320 1995 decocta

179 2019 181 2025 ¹
198 2031 299 2117 priori
320 2031 464 2107 materia,
489 2053 570 2114 quae
593 2031 788 2119 pinguitudo
809 2041 944 2114 utraque
958 2029 1079 2117 frigida
1094 2052 1178 2113 aqua
1192 2031 1320 2096 lavatur

199 2143 232 2197 et
252 2134 286 2197 in
314 2133 412 2197 linteo
443 2143 589 2197 saccatur
617 2156 654 2198 ac
677 2132 742 2197 sole
765 2142 904 2196 torretur
926 2131 1027 2196 donec
1049 2131 1185 2196 candida
1206 2132 1262 2196 fiat
1282 2155 1321 2198 ac

199 2235 414 2311 translucida;
442 2245 510 2298 tum
538 2235 572 2298 in
596 2244 728 2299 stannea
754 2233 878 2319 pyxide
908 2233 1065 2298 conditur.
1102 2232 1257 2298 Probatio
1284 2243 1321 2299 ut
1334 2249 1367 2295 ss

200 2336 340 2401 sordium
364 2335 452 2401 virus
474 2338 558 2401 oleat
580 2346 611 2400 et
632 2359 730 2400 manu
756 2335 890 2400 fricante
921 2357 962 2398 ex
989 2356 1073 2418 aqua
1094 2356 1159 2397 non
1180 2333 1322 2416 liquetur

199 2436 257 2501 sed
279 2437 420 2501 albescat
440 2449 477 2501 ut
498 2459 637 2501 cerussa.
661 2435 775 2501 Oculis
796 2435 1004 2500 utilissimum
1019 2444 1129 2500 contra
1142 2434 1321 2499 inflamma-

200 2538 304 2601 tiones
325 2559 544 2624 genarumque
567 2538 691 2602 callum.
730 2537 872 2620 Quidam
898 2538 931 2601 in
954 2546 1036 2601 testa
1062 2546 1194 2615 torrent,
1217 2537 1320 2601 donec

199 2639 459 2726 pinguitudinem
479 2640 613 2719 amittat,
635 2640 745 2705 utilius
767 2639 829 2704 tale
851 2639 1078 2704 existumantes
1098 2638 1197 2703 erosis
1212 2647 1245 2701 et
1259 2637 1321 2701 du-

198 2740 244 2804 ris
269 2740 377 2825 genis,
413 2740 540 2826 angulis
570 2740 722 2806 scabiosis
755 2751 787 2804 et
814 2739 1064 2804 lacrimantibus.
1107 2737 1227 2804 Ulcera
1257 2759 1322 2803 non
1335 2752 1368 2800 st

201 2842 363 2906 oculorum
386 2842 479 2906 modo
502 2854 599 2922 sanat*
617 2842 673 2907 sed
695 2841 781 2906 auris
804 2841 899 2904 etiam
922 2850 953 2905 et
966 2839 1153 2927 genitalium
1174 2861 1247 2905 cum
1262 2861 1321 2902 an·

202 2941 307 3007 serino
334 2941 444 3027 adipe;
480 2944 627 3008 medetur
654 2954 686 3007 et
713 2944 823 3008 volvae
849 2941 1151 3007 inflammationibus
1179 2950 1210 3006 et
1237 2939 1322 3005 sedis
1374 2998 1375 3003 ,

235 3152 302 3213 ς34.
321 3148 365 3199 Aa
375 3149 425 3209 noc,
437 3153 526 3201 R²d².
544 3149 638 3212 Adbuc,
650 3153 760 3201 VR¹d'.
785 3149 829 3199 Ad
844 3148 910 3208 laec,
920 3145 971 3213 βγ,
990 3190 1021 3198 ..
1041 3146 1153 3209 datorem,
1166 3149 1200 3197 V.
1219 3186 1251 3195 ..
1269 3143 1322 3207 alii,

202 3211 341 3267 OVRTd.
364 3216 410 3266 atti
425 3234 486 3277 vcro,
504 3212 532 3279 β.
554 3259 584 3267 ..
608 3217 713 3280 deciscis,
725 3221 759 3268 V.
779 3259 809 3267 ..
828 3225 951 3278 uruntque,
964 3216 1017 3267 Kd.
1035 3223 1165 3278 utrumqne,
1182 3209 1271 3274 vast.
1290 3254 1322 3263 ..

201 3283 294 3344 astulis,
307 3285 359 3333 V'2.
380 3326 410 3334 -
428 3283 565 3346 accendunt,
583 3287 664 3336 RTd.
686 3284 807 3345 accedunt,
824 3280 884 3344 νβ.
908 3323 940 3332 ..
963 3283 995 3344 in,
1012 3283 1066 3333 Rd.
1088 3290 1118 3344 et,
1134 3285 1168 3332 V.
1187 3322 1218 3331 ..
1237 3277 1323 3330 addita

201 3352 342 3414 confricant,
352 3354 376 3402 R
384 3355 422 3402 '²d.
441 3351 539 3400 additas
550 3353 689 3416 confricant,
698 3354 732 3403 V.
745 3351 843 3403 additas
855 3350 986 3413 adfricant‚
995 3351 1040 3400 Rt
1053 3391 1082 3400 ..
1095 3347 1209 3410 mordear,
1219 3350 1276 3399 VR
1283 3350 1322 3397 ²d.

202 3417 310 3467 mordent
321 3418 350 3467 de
360 3421 415 3468 sobo
425 3419 612 3482 potoncmednnt,
624 3422 668 3470 R1.
687 3462 718 3470 ..
738 3429 794 3480 nnn,
807 3421 860 3469 Rd.
879 3427 939 3478 tunc,
951 3418 977 3464 V
982 3414 1004 3478 β
1008 3432 1032 3481 γ.
1053 3459 1084 3467 ..
1108 3417 1148 3478 eis,
1161 3418 1194 3467 V.
1215 3457 1246 3466 ..
1263 3431 1323 3464 anre-

203 3485 273 3547 cticn,
286 3486 390 3538 Gesner.
403 3487 461 3537 hist.
474 3489 549 3537 anim.
566 3493 587 3548 1,
601 3491 657 3538 793.

237 3582 305 3642 §35.
328 3579 389 3637 Quin
401 3621 431 3628 -
441 3596 508 3642 pecu,
525 3596 575 3630 om.
593 3581 637 3629 at
660 3580 779 3631 Ceterum
796 3597 817 3629 v.
834 3581 949 3630 Dioscor.
967 3586 990 3639 2,
1010 3585 1049 3629 84.
1075 3619 1104 3626 -
1130 3576 1206 3634 labet,
1218 3576 1273 3626 Rd.
1293 3616 1324 3624 -

198 3645 291 3709 palma,
308 3650 357 3698 R2.
377 3646 471 3710 palam,
485 3649 584 3698 VR¹d.
609 3689 640 3696 -
664 3646 747 3708 modis,
765 3664 816 3697 om.
833 3650 877 3697 R'.
902 3688 932 3695 ..
956 3644 1000 3704 tn,
1017 3646 1071 3694 Rd.
1095 3645 1133 3705 iis,
1151 3646 1185 3695 V.
1205 3685 1234 3693 -
1255 3642 1324 3704 lento,

203 3714 287 3763 VRd.
306 3723 328 3762 et
340 3712 407 3775 lento,
419 3717 452 3764 K.
471 3732 500 3763 ac
512 3713 580 3776 lento,
592 3712 642 3778 βγ.
661 3757 692 3764 -
711 3731 791 3776 aeneo,
805 3711 946 3764 OVRTd.
965 3729 1037 3762 aeneo
1048 3729 1112 3774 vase,
1124 3708 1152 3773 β.
1166 3753 1197 3762 ..
1216 3709 1325 3775 superia-

203 3789 245 3840 cet,
259 3776 397 3832 OVRTd.
410 3824 441 3831 -
452 3781 533 3846 fictile
545 3799 594 3844 vas,
607 3782 737 3833 Vama
748 3781 826 3845 fictile
838 3798 901 3842 vase,
913 3782 957 3830 R'.
968 3779 1046 3842 fictili
1055 3797 1118 3842 vase,
1130 3775 1182 3844 βγ.
1197 3820 1228 3829 -
1237 3777 1325 3842 prati,

203 3850 235 3899 R.
251 3849 340 3911 priore,
353 3850 377 3898 d.
393 3849 486 3913 priora,
499 3851 532 3900 V.
545 3891 576 3899 ...
591 3850 622 3907 in,
636 3864 686 3899 om.
699 3851 732 3899 V.
747 3891 778 3899 -
790 3856 908 3909 saccatur,
920 3850 975 3899 Kd.
993 3848 1106 3908 siccatur,
1119 3848 1144 3898 V
1156 3845 1202 3909 (ax
1212 3841 1325 3906 emend.)

203 3911 261 3976 Rfi.
281 3958 311 3966 -
331 3933 360 3964 nc
373 3915 528 3979 translucida,
541 3918 595 3967 Rd.
613 3916 770 3978 entrclncidn‚
783 3918 817 3967 V.
838 3958 867 3966 -
886 3925 994 3980 smpnsa,
1007 3917 1068 3965 VR.

237 4012 304 4073 §36.
323 4009 446 4070 Probata,
460 4011 545 4060 VRd.
563 4010 679 4059 Probatio
691 4017 777 4070 annm,
793 4004 845 4074 βγ.
870 4050 900 4058 -
923 4008 995 4070 vr'rcs,
1008 4009 1042 4058 V.
1062 4049 1092 4058 ..
1112 4023 1200 4068 cerosn,
1213 4005 1247 4056 V.
1266 4013 1325 4054 cete·

202 4093 268 4138 rosa,
281 4077 325 4127 Rt
339 4118 369 4126 ..
384 4085 473 4126 torrent
485 4076 565 4138 donec,
578 4079 602 4127 R
615 4077 700 4139 (codd.
713 4075 838 4139 Barbari).
858 4074 966 4125 torrendo
978 4092 1026 4137 nce,
1040 4075 1073 4124 V.
1093 4073 1202 4124 torrendo
1213 4089 1249 4135 ne,
1259 4076 1282 4124 d.
1293 4114 1324 4123 .-

199 4142 398 4209 pinpndndinern,
410 4146 522 4197 VRTd.
536 4144 711 4210 pinguedinem,
725 4148 798 4196 codd.
811 4144 924 4205 Barbari,
936 4140 964 4204 β.
984 4184 1016 4194 ...
1033 4141 1160 4204 scabrosa,
1172 4144 1203 4193 Τ.

237 4227 251 4288 §
265 4231 305 4278 37.
325 4228 399 4291 anns,
411 4230 490 4281 Hard.
504 4245 538 4280 cx
549 4231 666 4281 Dioscor.
680 4237 703 4292 2,
717 4235 757 4280 84.
776 4225 845 4294 πρός
855 4243 885 4278 τε
897 4223 929 4278 τὰ
943 4227 973 4276 ἐν
991 4223 1040 4278 ὠτὶ
1057 4223 1101 4276 καὶ
1120 4225 1149 4277 ἐν
1167 4223 1265 4290 αἰδοίῳ
1278 4221 1326 4274 σὺν
