2918 4800
201 291 261 356 192
551 304 754 352 usnunnms
776 303 972 353 u1sron1nn

199 459 314 545 lappae
341 457 467 523 boariae
495 456 587 521 radix
614 479 631 522 e
661 457 736 522 vino
764 463 849 542 pota.
892 453 1098 539 Cyclaminos
1126 454 1260 520 decocta
1285 455 1319 519 in
1334 473 1383 518 10⁶

200 583 284 645 aqua
310 559 537 645 peminnoulos
566 569 656 624 curat
685 557 854 641 omniaque
882 556 944 621 alia
969 556 1099 644 frigoris
1125 556 1215 634 vitia,
1243 578 1320 642 per-

200 661 366 726 niunculos
388 671 419 725 ct
441 659 611 745 cotyledon
632 682 706 724 cum
727 659 878 747 axungia,
901 658 976 723 folia
994 679 1035 723 ex
1049 656 1227 737 batrachio,
1250 658 1319 744 epi-

200 763 301 848 thymi
323 784 429 827 sucus.
453 759 589 827 Clavom
611 762 730 847 pedum
754 760 891 826 extrahit
909 759 1062 825 ladanum
1076 782 1150 825 cum
1163 770 1318 838 castoreo,

199 865 376 930 verbenaca
399 886 439 929 ex
461 864 545 929 vino.

244 967 294 1030 67.
317 964 414 1029 Nunc
434 964 574 1050 peractis
596 964 689 1030 malis
710 986 792 1048 quae
813 963 1015 1030 membratim
1029 964 1210 1029 sentiuntur
1231 964 1318 1030 dice·
1335 978 1383 1026 tot

199 1090 270 1132 mus
292 1067 332 1131 de
353 1065 404 1130 his
425 1087 507 1149 quae
530 1065 605 1130 totis
620 1065 806 1150 corporibus
827 1075 1023 1152 grassantur.
1044 1063 1200 1130 Remedia
1213 1073 1320 1130 autem

199 1169 277 1234 hacc
298 1167 469 1233 conmunia
495 1167 718 1232 inveniuntur:
748 1176 824 1232 ante
851 1167 953 1231 omnis
980 1166 1154 1252 potandam
1182 1166 1320 1232 dodeca-

200 1269 319 1348 theum,
342 1269 382 1332 de
398 1289 462 1351 qua
476 1268 627 1346 diximus,
649 1268 765 1333 deinde
787 1268 918 1352 panacis
939 1268 1080 1333 omnium
1094 1262 1250 1354 generum
1264 1291 1317 1333 ra-

200 1371 298 1448 dices,
325 1368 527 1456 peculiariter
547 1368 732 1457 longinquis
758 1368 878 1435 morbis
901 1379 933 1434 et
955 1392 1063 1435 semen
1084 1370 1320 1435 interaneorum

200 1472 297 1549 vitiis,
320 1470 362 1537 ad
382 1470 485 1536 omnis
507 1493 583 1535 vero
606 1470 731 1536 dolores
747 1470 888 1557 corporis
906 1493 1019 1536 sucum
1041 1493 1060 1536 e
1082 1471 1218 1551 scordio,
1241 1471 1319 1537 item

199 1573 388 1640 Vettonicae
413 1593 495 1656 quae
523 1581 599 1657 pota
626 1572 764 1638 colorem
791 1572 977 1658 plumbeum
1005 1573 1148 1659 corporis
1169 1571 1319 1659 privatim

200 1674 356 1752 emendat,
378 1673 551 1760 gratiorem
573 1674 708 1739 reducit.

243 1778 294 1842 68.
317 1773 482 1841 Geranion
503 1775 601 1859 aliqui
624 1777 755 1861 myrrin,
778 1776 832 1841 alii
853 1776 992 1861 myrtida
1006 1776 1182 1862 appellant3
1207 1773 1319 1840 similis
1334 1790 1382 1836 108

202 1888 251 1943 est
273 1877 406 1955 cicutae,
428 1877 654 1943 minutioribus
668 1877 752 1943 foliis
774 1888 806 1943 et
827 1878 917 1943 caule
938 1877 1074 1956 brevior,
1096 1876 1243 1954 rotunda,
1266 1899 1318 1942 sa·

200 1979 285 2067 poris
307 1986 338 2043 et
359 1978 466 2043 odoris
487 1978 629 2045 iucundi.
652 1978 763 2044 Nostri
784 1979 831 2045 sio
853 2002 922 2044 eam
939 1980 1078 2058 tradunt,
1103 1977 1222 2044 Graeci
1234 1978 1319 2050 foliis

199 2082 296 2166 paulo
318 2079 555 2146 candidioribus
578 2103 675 2165 quam
695 2082 829 2160 malvae,
852 2080 998 2146 caulibus
1013 2080 1174 2158 tenuibus,
1196 2080 1319 2165 pilosis,

200 2204 356 2248 ramosam
379 2204 419 2268 ex
439 2181 616 2248 intervallis
638 2182 750 2247 binum
764 2182 943 2269 palmorum
959 2192 989 2247 et
1008 2182 1042 2247 in
1062 2181 1113 2246 his
1130 2182 1214 2248 foliis
1235 2181 1320 2246 inter

199 2306 282 2368 quae
309 2284 343 2347 in
372 2283 589 2349 cacuminibus
617 2284 756 2368 capitula
787 2284 852 2349 sint
878 2306 1005 2372 gruum.
1041 2283 1189 2348 Alterum
1216 2267 1381 2369 genueras

200 2385 282 2449 foliis
304 2406 485 2461 anemonas,
513 2385 665 2450 divisuris
685 2384 894 2471 longioribus,
924 2385 1031 2450 radice
1052 2384 1126 2450 mali
1148 2385 1243 2450 modo
1264 2407 1318 2450 ro·

202 2486 317 2562 tunda,
344 2485 445 2562 dulci,
475 2485 692 2551 reficientibus
721 2508 755 2551 se
782 2485 823 2551 ab
844 2486 1049 2552 inbecillitate
1071 2485 1260 2563 utilissima3
1288 2493 1319 2548 et

202 2585 269 2650 fere
291 2584 362 2650 talis
383 2608 458 2650 vera
480 2596 538 2652 est.
574 2585 705 2652 Bibitur
727 2596 836 2653 contra
856 2586 993 2672 phthisis
1015 2587 1166 2652 drachma
1186 2585 1221 2650 in
1242 2607 1318 2671 cya-

236 2794 250 2856 §
265 2798 320 2842 106.
341 2790 487 2858 chlaminos
497 2792 599 2857 ..solio
615 2810 643 2843 aa
656 2794 785 2856 barrochia,
796 2796 872 2846 VRd
888 2810 989 2860 prorsus
1001 2796 1038 2845 uti
1050 2796 1076 2844 in
1088 2791 1138 2858 βγ,
1156 2794 1204 2843 nisi
1216 2794 1285 2856 quod
1297 2787 1319 2852 β

199 2858 365 2922 perniunculos
381 2869 451 2910 curat
470 2869 493 2910 et
508 2861 628 2927 cotyledon
644 2879 694 2912 cum
710 2863 816 2927 uauuyia
832 2864 916 2924 habet,
935 2865 1004 2926 quod
1016 2864 1121 2912 verbum
1135 2869 1205 2911 curat
1221 2861 1259 2910 illi
1269 2861 1319 2924 ipsi

203 2929 277 2976 codd.
284 2929 411 2978 omittunt.
424 2927 570 2993 Cyclaminos
582 2929 675 2979 decocta
688 2929 712 2978 in
724 2947 789 2993 aqua
797 2929 964 2994 perniunculos
975 2938 998 2978 ct
1009 2928 1129 2995 cotyledon
1141 2945 1191 2978 oum
1203 2927 1319 2992 aaunyia,

195 2993 263 3056 folia
274 3003 343 3044 curat
354 2995 477 3060 omniaque
488 2995 541 3046 alia
547 2996 654 3061 sriyorir
671 2997 730 3046 vitia
744 2995 900 3062 pernunculos
911 3006 934 3046 et
945 2995 1065 3063 cotyledon
1076 3013 1128 3046 curn
1140 2993 1320 3059 anunyiasolt‘a

202 3078 232 3112 ert
243 3062 374 3124 batrachio,
386 3081 409 3114 a.
431 3061 578 3128 Cyclaminas
589 3063 684 3114 decada
695 3064 720 3114 in
732 3080 798 3128 aqua
806 3065 972 3129 perniunculos
983 3073 1006 3114 et
1018 3063 1139 3129 cotyledon
1150 3079 1200 3115 curn
1212 3062 1320 3126 onunyia
1354 3063 1357 3069 '

195 3128 260 3194 folio
271 3138 340 3179 curat
351 3131 473 3195 omniaque
485 3131 535 3180 alia
542 3132 649 3197 friyorr'a
661 3132 720 3181 citio
732 3149 762 3181 en
774 3133 903 3193 barrochia,
915 3131 933 3182 d
937 3131 985 3198 dp.
1007 3130 1153 3198 Cyclaminoa
1165 3140 1187 3180 et
1199 3128 1319 3194 coqledon

202 3214 253 3246 cum
265 3198 372 3262 anunyia
379 3198 447 3265 solia
463 3208 532 3248 curat
547 3199 670 3264 omniaque
681 3199 733 3249 alia
741 3200 848 3265 friyoria
859 3199 918 3250 vitra
930 3217 959 3249 en
971 3199 1099 3261 batmolin,
1112 3214 1141 3265 φ.
1161 3240 1192 3248 ..
1213 3197 1319 3258 Clauum,

202 3266 299 3316 VR¹d.
321 3265 412 3328 Claros,
424 3264 541 3331 R²assr.

236 3333 321 3393 §lot
343 3334 481 3396 sentiuntur,
500 3336 581 3384 omitt.
599 3335 664 3386 R'd.
689 3376 720 3384 -
744 3343 889 3396 nascautur,
905 3337 938 3386 R.
961 3377 992 3384 ..
1016 3334 1172 3396 inveniuntur,
1185 3334 1238 3384 nd.
1256 3332 1319 3381 inue-

202 3399 277 3461 niunt,
293 3395 395 3453 ovat
419 3403 518 3464 invenio,
535 3398 653 3466 R²adya
673 3444 704 3451 -.
720 3401 860 3466 potandam,
872 3420 891 3452 r.
908 3401 1023 3465 potanda,
1041 3419 1064 3452 a.
1083 3410 1166 3465 potan,
1177 3403 1204 3451 V
1221 3400 1293 3464 (post
1304 3417 1319 3448 u

202 3485 253 3518 una
264 3470 350 3518 littera
361 3467 444 3532 erasa)
456 3472 506 3521 Re
523 3478 591 3532 potu,
603 3471 647 3520 ΕΙ.
662 3477 753 3533 potam,
766 3465 814 3531 ᾱβ.
834 3510 864 3518 -
887 3468 989 3518 dicimus
1001 3477 1042 3530 25,
1055 3476 1095 3520 28.
1115 3511 1146 3518 -
1169 3467 1230 3530 dein,
1244 3472 1267 3517 d.
1288 3509 1318 3516 -

201 3535 395 3596 interaneoorum,
408 3540 443 3586 a¹.
462 3578 493 3586 ..
512 3535 603 3585 dolores
615 3537 726 3600 corporis,
738 3538 814 3587 Vad.
833 3537 937 3600 corporis
948 3535 1046 3598 dolores,
1059 3533 1140 3601 Ray.
1159 3577 1190 3586 ..
1215 3551 1234 3597 e,
1248 3537 1318 3586 R2a.

203 3604 400 3655 Omnavssm.
421 3645 451 3652 ..
474 3620 542 3666 quae,
555 3606 606 3654 Ra.
625 3620 680 3667 qua,
692 3605 748 3654 Vd.
771 3620 844 3667 aqua,
856 3606 887 3655 Τ.
906 3645 937 3654 ..
958 3605 1094 3670 qratiam,
1106 3605 1210 3654 VRad.
1227 3602 1319 3667 yratio·

202 3687 302 3734 remque,
314 3666 364 3734 βγ.
383 3711 414 3721 ..
434 3669 519 3733 reddit,
530 3672 563 3722 Κ.

237 3737 252 3798 ξ
268 3743 322 3788 108.
344 3738 501 3800 Generanion,
513 3754 536 3788 a.
555 3739 674 3789 Ceterum
685 3755 709 3788 r.
721 3739 836 3788 Dioscor.
849 3746 872 3797 3,
886 3743 943 3789 121.
961 3781 993 3790 ..
1016 3737 1114 3804 myrrin,
1127 3755 1150 3787 a.
1173 3737 1257 3802 myrin,
1269 3739 1319 3787 R2.

202 3821 290 3870 myron,
302 3807 400 3856 VR'd.
419 3807 560 3868 Vulgatnm
572 3814 655 3856 tuetur
666 3807 784 3856 Dioscor.
797 3813 821 3866 4,
836 3811 892 3855 114.
910 3847 942 3855 ..
965 3805 1016 3866 alii,
1029 3822 1051 3855 a.
1069 3814 1118 3868 aut,
1135 3799 1273 3856 OVRTd.
1287 3845 1318 3854 ..

203 3872 314 3936 myrtida,
323 3875 403 3925 Hard.
413 3889 446 3923 ex
457 3875 541 3924 indice
553 3875 610 3922 libri
621 3876 703 3938 primi,
713 3874 754 3923 ubi
765 3874 838 3923 VRa
846 3873 929 3938 myrtis
940 3874 1043 3924 habent.
1054 3872 1182 3938 myrtidan,
1190 3875 1319 3937 VRudy.

203 3939 339 4002 myrtidan,
357 3942 388 3991 Τ.
411 3939 566 4006 myrrhidam,
587 3934 615 3991 θ.
638 3938 769 4005 ayt-rheda,
785 3941 818 3990 K.
840 3939 983 4006 mertdryda‚
1001 3937 1030 4002 β.
1053 3949 1156 4006 mertryy
1196 3942 1264 3991 Pint.
1287 3981 1319 3990 .-

203 4006 365 4055 minutioribus
369 4007 559 4071 soliiuVRad.
570 4007 643 4072 soliis
654 4008 824 4070 minutioribus,
832 4005 854 4070 β
859 4023 922 4072 γ.-
933 4008 1024 4058 breuior
1036 4007 1145 4070 rotundo,
1156 4059 1158 4062 ,
1186 4010 1211 4058 V
1218 4010 1319 4059 RTad.

205 4073 308 4121 breviore
320 4074 425 4138 rotundo,
437 4071 467 4137 β
486 4117 516 4125 ..
531 4075 607 4140 paulo
618 4075 803 4136 candidioribus,
815 4078 840 4125 V
848 4077 920 4127 Rad.
939 4074 1114 4125 candidioribus
1122 4075 1205 4141 paulo,
1217 4072 1268 4140 βγ.
1288 4117 1319 4125 ..

204 4137 277 4200 caule‚
291 4144 326 4190 al.
346 4183 377 4190 -
400 4143 478 4203 trium,
490 4160 510 4194 r.
534 4184 565 4192 ..
587 4143 612 4192 in
623 4143 667 4204 iris,
679 4145 784 4194 VRad.
802 4143 847 4206 Ιιίε,
859 4146 891 4195 K.
916 4185 947 4193 ..
961 4143 1099 4207 soliiaad.
1113 4143 1189 4207 solia,
1205 4145 1267 4195 VR.
1288 4184 1319 4193 ..

205 4208 308 4270 quaein,
321 4210 405 4259 VRd.
424 4210 488 4272 quin,
501 4227 523 4259 a.
544 4251 573 4259 -
592 4219 652 4271 sunt,
665 4213 697 4262 K.

239 4277 323 4338 §loth
341 4276 415 4338 malli,
427 4279 461 4329 V.
481 4319 512 4326 -
534 4276 677 4340 reflantibus,
691 4294 713 4327 a.
733 4320 764 4327 -
787 4277 914 4340 utilusimi,
927 4282 950 4329 d.
970 4320 1000 4328 -
1024 4293 1092 4339 rara,
1105 4280 1137 4330 K.
1158 4320 1189 4329 -
1209 4278 1319 4344 phthiam,
