2918 4800
197 285 260 348 226
549 298 753 346 urrunnun
776 297 971 346 nrsronmn

240 454 291 517 33.
319 450 430 535 Bryon
456 451 614 514 marinum
639 449 739 517 herba
766 449 836 516 sine
863 448 1059 515 dubitatione
1089 461 1152 529 est,
1179 435 1321 517 lactucae
1336 468 1368 512 ss
1435 476 1441 481 ·

198 553 283 619 foliis
306 552 427 628 similis,
449 572 568 637 rugosa
589 551 689 616 veluti
710 562 883 630 contracta,
909 551 978 617 sine
1001 553 1101 629 caule,
1123 551 1165 616 ab
1187 576 1253 617 una
1266 576 1320 617 ra·
1367 588 1371 593 -

124 644 129 651 i
197 655 268 720 dice
290 653 482 720 exeuntibus
503 652 602 729 foliis3
625 652 768 719 nascitur
789 653 823 717 in
846 654 986 738 scopulis
1001 676 1150 719 maxume
1164 655 1321 739 testisque

198 767 283 821 terre
312 755 551 839 conprehensis.
586 753 768 840 Praecipua
795 754 934 820 siccandi
964 755 1188 841 spissandique
1218 757 1267 821 vis
1289 757 1320 822 ei

197 869 229 922 st
250 856 452 922 collectiones
472 854 804 939 inflammationesque
826 856 928 921 omnis
949 855 1124 936 inhibendi,
1147 859 1320 944 praecipue

195 958 360 1046 podagrae
382 970 415 1022 et
435 956 593 1040 quidquid
614 955 804 1042 refrigerare
826 978 911 1043 opus
931 958 981 1023 sit.

238 1064 291 1126 34.
319 1058 476 1145 Bupleuri
506 1080 614 1123 semen
636 1058 679 1122 ad
699 1059 784 1124 ictus
807 1059 1004 1143 serpentium
1030 1061 1101 1124 dari
1122 1060 1248 1146 reperio
1270 1060 1319 1124 fo-
1336 1075 1367 1123 5⁷

167 1188 168 1196 ¹
197 1161 327 1246 verique
354 1160 467 1246 plagas
497 1160 628 1225 decocta
654 1182 692 1224 ea
718 1161 835 1238 herba,
867 1160 1002 1243 adiectis
1037 1161 1121 1227 foliis
1155 1161 1237 1226 mori
1266 1171 1321 1225 aut

197 1261 333 1350 origani,
874 1288 876 1292 ⁸

205 1376 208 1380 ’
240 1364 291 1427 35.
322 1359 526 1428 Catanancen
554 1361 743 1427 Thessalam
770 1362 903 1428 herbam
933 1364 1038 1448 qualis
1067 1365 1110 1430 sit
1137 1365 1274 1449 describi
1303 1389 1322 1430 a

196 1463 289 1529 nobis
313 1486 547 1550 supervacuum
568 1475 627 1541 est,
655 1487 728 1529 cum
751 1464 793 1528 sit
814 1486 894 1530 usus
916 1466 986 1531 eius
1008 1468 1049 1531 ad
1071 1467 1227 1532 amatoria
1250 1477 1321 1531 tan·

197 1579 275 1631 tum.
296 1565 382 1631 Illud
403 1588 466 1630 non
488 1566 528 1631 ab
550 1588 585 1630 re
609 1575 658 1630 est
680 1564 801 1631 dixisse
823 1565 864 1630 ad
885 1565 1083 1652 detegendas
1098 1568 1242 1655 magicas
1263 1591 1321 1633 va-

197 1667 324 1744 nitates,
347 1668 479 1733 electam
502 1666 650 1732 adhunc
672 1690 767 1732 usum
789 1667 982 1747 coniectura,
1006 1669 1157 1752 quoniam
1172 1691 1322 1734 arescens

159 1785 167 1803 ‘
198 1769 395 1835 contraheret
417 1791 451 1834 se
474 1769 516 1832 ad
539 1769 679 1854 speciem
699 1768 857 1857 unguium
878 1768 967 1835 milvi
990 1770 1192 1846 exanimatis
1210 1769 1322 1836 eadem

198 1894 238 1936 ex
260 1894 356 1937 causa
378 1881 410 1935 et
431 1893 539 1937 cemos
562 1869 707 1937 silebitur
727 1871 832 1936 nobis.

139 2042 146 2058 s
241 1975 293 2040 36.
317 1970 424 2056 Calyx
446 1972 582 2038 duorum
604 1995 760 2060 generum
782 1985 845 2050 est,
868 1996 934 2038 una
956 1973 1069 2038 similis
1084 1996 1157 2052 aro;
1181 1974 1323 2039 nascitur
1337 1988 1368 2034 ss

198 2076 233 2139 in
256 2074 470 2150 arationibus,
500 2075 660 2160 colligitur
681 2087 853 2158 antequam
873 2075 1043 2141 inarescat.
1080 2075 1170 2141 Usus
1192 2075 1323 2141 eosdem

199 2176 297 2240 habet
317 2197 398 2260 quos
420 2198 525 2252 arum3
548 2176 670 2242 bibitur
691 2199 817 2260 quoque
839 2177 932 2241 radix
954 2177 1048 2242 huius
1070 2178 1112 2242 ad
1134 2177 1321 2243 exinanien-

200 2277 258 2342 das
285 2277 373 2342 alvos
400 2301 590 2362 mensesque
619 2279 805 2356 muherum3
836 2278 914 2344 item
941 2279 1049 2344 caules
1077 2302 1148 2344 cum
1178 2278 1261 2343 foliis
1289 2278 1323 2342 in

199 2379 415 2468 leguminibus
437 2379 562 2446 decocti
584 2390 696 2445 sanant
717 2391 890 2446 tenesmon.

243 2483 295 2545 37.
316 2481 463 2545 Alterum
484 2503 588 2566 genus
611 2482 679 2546 eius
694 2482 825 2565 quidam
840 2482 1012 2547 anchusam
1027 2496 1153 2559 vocant,
1176 2484 1230 2548 alii
1244 2505 1323 2549 ono·
1339 2495 1370 2540 ⁵⁹

202 2581 304 2645 eliam.
340 2581 434 2646 Folia
454 2582 599 2647 lactucae
620 2582 776 2671 longiora,
804 2584 959 2668 plumosa,
988 2584 1096 2648 radice
1122 2583 1220 2649 rubra
1242 2606 1324 2668 quae

166 2819 168 2822 <
238 2793 305 2852 §56.
323 2789 427 2854 Brpr'on,
439 2792 470 2840 T.
489 2791 599 2856 Beona,
613 2808 635 2840 a.
658 2793 800 2855 Dasumpta
815 2793 880 2841 haec
896 2801 954 2842 sunt
970 2807 1003 2841 ax
1019 2793 1151 2856 Theophr.
1170 2794 1228 2842 hist
1244 2792 1324 2855 plant

203 2858 250 2906 1v.
264 2865 286 2917 6,
301 2864 323 2906 6,
342 2858 400 2906 coll.
413 2860 529 2908 Dioscor.
544 2867 567 2919 4,
580 2864 621 2910 97.
641 2901 671 2908 ..
690 2859 815 2919 cromnam,
831 2853 970 2909 OVRTd.
989 2859 1090 2919 marina,
1104 2855 1153 2921 ast.
1173 2902 1203 2909 -
1224 2858 1324 2907 medita-

204 2924 353 2985 tione‚R²a.
378 2967 407 2974 -
432 2925 790 2984 velori‚1t²c.velut‚vn¹a.
815 2969 844 2976 ..
873 2943 930 2987 una,
946 2928 1050 2976 VRad.
1069 2924 1166 2989 immss.
1189 2924 1242 2975 ἀπὸ
1258 2927 1326 2986 μιᾶς

204 2990 301 3059 ἀρχῆς,
315 2994 446 3057 Theophr.
461 3035 491 3042 -
504 2993 617 3052 siccandi,
629 3011 651 3044 a.
670 2992 796 3055 siccandis,
808 2996 870 3044 VR.
888 2994 996 3044 emeandi
1006 2995 1034 3054 ei,
1047 2991 1117 3060 dssy.
1132 3037 1162 3045 ..
1180 2993 1324 3058 syrissandr's·

203 3075 289 3124 qua-a.
310 3102 340 3109 -
360 3060 396 3108 vis
408 3061 437 3120 ei,
450 3063 485 3111 ita
497 3078 543 3111 nos
556 3062 710 3126 scripsimus.
727 3061 792 3120 visci,
805 3063 879 3112 VR‘.
899 3060 942 3123 vals,
955 3058 1092 3128 Rradssy.
1108 3105 1137 3112 ..
1157 3061 1325 3126 r'rfinmmatio-

204 3144 289 3191 tresque
310 3145 398 3188 omnes,
421 3130 472 3180 Va.
504 3146 581 3178 omnes
602 3129 853 3193 irfiummationesqua
873 3126 952 3194 Ββγ.
983 3146 1060 3179 omnes
1084 3128 1326 3194 irfiammutiouesquc

204 3199 357 3258 ennead„
365 3196 491 3258 inhibendi,
500 3192 600 3247 onae.
613 3193 831 3263 cohibendi,vss7.
844 3240 874 3247 ..
885 3198 1025 3261 praecipua,
1037 3198 1081 3247 Rt
1097 3239 1126 3246 ..
1139 3196 1289 3262 rffperari,
1302 3215 1325 3248 a

206 3306 236 3313 -
256 3280 313 3327 opus
324 3264 364 3327 sit,
376 3266 469 3316 R²ad.
486 3265 569 3328 possit,
585 3259 685 3315 evat

239 3370 305 3430 557.
324 3365 434 3430 Buplert}
447 3369 553 3418 VRad.
578 3409 607 3417 ..
635 3366 794 3429 catanancen,
807 3370 875 3418 R2a.
902 3366 1184 3429 Catananchen,VR¹d.
1207 3370 1326 3420 Ceterum

204 3451 227 3483 v.
241 3435 358 3484 Dioscor.
372 3440 396 3496 4,
413 3441 467 3485 132.
487 3477 517 3484 -
546 3434 695 3495 Thessalum,
706 3437 796 3485 Rus.
816 3435 956 3498 crassatam,
968 3439 1043 3487 VRt
1064 3478 1094 3486 -
1114 3436 1215 3487 descrdu‘
1224 3453 1241 3485 a
1253 3435 1326 3496 nobis,

204 3503 287 3551 vna.
306 3502 398 3550 anobis
411 3500 518 3564 describi,
532 3499 602 3568 dssy.
622 3545 652 3553 ..
676 3504 811 3565 arvus.
829 3504 904 3566 sita.
927 3546 958 3554 ..
982 3502 1098 3566 Illum,a.
1122 3546 1153 3555 -
1178 3501 1327 3569 detegendae,

205 3571 309 3630 VRad,
330 3567 448 3634 tegendas,
459 3565 489 3631 β.
509 3610 540 3620 ..
559 3569 640 3629 electa,
652 3572 708 3621 Vd.
728 3577 759 3620 ’-
783 3570 893 3634 quoniam
907 3587 1015 3620 arescens
1026 3579 1116 3632 cenna,
1130 3575 1154 3622 d.
1172 3569 1211 3637 qd
1220 3587 1327 3621 arescens

206 3645 295 3699 eontra,
313 3639 344 3688 R.
368 3637 456 3701 quonia
472 3636 596 3686 durescens
612 3654 663 3686 cum
682 3646 727 3696 tra,
744 3640 796 3698 V¹3
818 3641 862 3688 sed
878 3656 968 3690 manus
986 3641 1066 3690 altera
1081 3642 1127 3690 illa
1142 3643 1220 3691 verba
1236 3640 1327 3690 delevit

205 3705 273 3755 linea
285 3709 406 3766 traducta,
424 3705 461 3754 uti
474 3707 550 3754 etiam
564 3721 594 3755 ca
605 3721 658 3756 non
670 3715 772 3756 exstant
783 3708 809 3756 in
821 3708 877 3756 eod.
890 3723 913 3756 a.
929 3749 959 3756 -
975 3723 1008 3768 se,
1020 3709 1102 3758 VRd.
1121 3708 1160 3770 sit,
1173 3725 1196 3758 a.
1210 3749 1241 3757 ..
1257 3714 1280 3756 et
1290 3723 1326 3755 ee-

206 3790 263 3833 mm,
273 3774 304 3822 R.
318 3790 423 3832 ceremon,
439 3766 468 3822 θ.
486 3771 609 3833 ecchemos,
623 3776 647 3822 d.
666 3782 688 3822 et
698 3789 768 3835 emus,
781 3790 804 3823 a.
823 3767 952 3842 etssslemos,
964 3777 998 3825 V.
1009 3816 1039 3826 -
1050 3775 1166 3836 silenitem
1179 3791 1201 3826 a.
1213 3817 1243 3825 ..
1254 3774 1327 3835 uobis,

207 3836 305 3891 enac.
324 3857 341 3888 a
352 3841 424 3902 nobb,
436 3837 517 3905 Vssy.

241 3943 255 4003 ξ
269 3946 309 3992 58.
333 3940 418 4007 Culpa,
429 3944 518 3993 Dalec.
531 3958 563 3992 ex
575 3944 692 3993 Dioscor.
706 3950 730 4004 4,
743 3949 784 3994 23.
802 3946 933 3995 Addicunt
950 3946 1039 4009 optimi
1052 3949 1126 3996 codd.
1138 3949 1163 3996 in
1176 3947 1257 3996 indice
1269 3946 1328 3995 libri

206 4009 288 4070 primi.
311 4005 392 4070 Gaba,
409 4003 591 4075 OVRTadr.
613 4008 690 4070 Collo,
702 4008 731 4073 β.
742 4051 773 4060 ..
786 4011 853 4072 haro,
871 4014 933 4062 VT.
953 4014 1017 4064 baro.
1031 4031 1053 4063 a.
1073 4056 1102 4064 ..
1123 4015 1148 4062 in
1165 4013 1328 4073 arntiombus3

207 4073 332 4138 compitum,
342 4079 442 4127 VR²a
456 4079 544 4130 Omitt.
553 4080 618 4128 Ru.
628 4120 659 4128 ..
678 4079 746 4139 Usus,
759 4081 835 4130 Vad.
853 4097 960 4145 ususque,
973 4077 1052 4144 Εβγ.
1064 4123 1093 4131 -
1107 4099 1173 4138 arra,
1189 4076 1328 4132 OVRTd.

207 4142 290 4203 larsa,
302 4161 324 4194 a.
343 4145 458 4203 orituros,
470 4147 549 4196 Hand.
563 4148 622 4196 coll.
636 4153 677 4207 24,
692 4153 747 4197 151.
766 4188 797 4197 .-
815 4164 906 4210 quoque
916 4147 997 4210 radix,
1008 4151 1042 4200 V.
1060 4148 1134 4197 rudia
1162 4166 1243 4212 noque,
1255 4152 1329 4199 Rad.

210 4251 240 4258 ..
263 4211 440 4272 enucleandas,
459 4229 482 4263 a.
508 4255 539 4263 ..
566 4231 689 4278 maresque,
705 4231 728 4265 a.
753 4255 783 4264 ..
811 4215 864 4264 item
880 4215 968 4276 caules
984 4234 1007 4266 a.
1031 4217 1084 4265 item
1100 4167 1182 4272 caulis
1199 4210 1328 4280 emur.

207 4279 268 4326 inter
280 4279 367 4342 eculeo,
384 4283 410 4330 V
422 4296 455 4331 ex
467 4285 566 4332 emend.
591 4323 621 4330 -
645 4281 751 4344 decoctis,
761 4285 835 4334 Vad.
858 4283 968 4344 decoctio,
980 4286 1012 4334 R.
1034 4283 1148 4345 decoctus,
1161 4285 1239 4336 Hard.
1252 4299 1277 4348 γ.
1298 4325 1340 4342 -,
