2918 4800
144 296 206 357 448
495 310 698 356 unrunnnrs
721 309 916 356 ursaonmn

144 461 293 545 Namque
315 460 348 524 in
364 459 490 524 Bactris
513 460 577 525 duo
599 460 689 525 lacus
711 461 805 540 vasti,
828 461 908 526 alter
930 461 971 525 ad
987 458 1127 546 Scythas
1142 486 1266 542 versus,
1283 481 1313 527 75

144 567 222 630 alter
250 563 291 628 ad
312 562 421 639 Arios,
452 561 516 626 sale
538 572 735 640 exaestuant,
765 561 849 627 sicut
876 563 918 626 ad
941 559 1063 627 Citium
1091 563 1126 628 in
1155 562 1267 652 Cypro

144 681 175 731 et
197 665 282 730 circa
304 662 484 749 Memphim
507 663 679 728 extrahunt
701 686 720 727 e
740 663 822 742 lacu,
846 663 921 728 dein
943 664 1009 729 sole
1032 664 1161 731 siccant.
1199 664 1268 733 Sed

144 780 175 833 et
196 790 320 833 summa
341 764 509 830 fluminum
531 764 706 830 densantur
727 765 760 828 in
783 765 892 842 salem,
915 788 1006 830 amne
1021 766 1144 851 reliquo
1166 770 1267 834 veluti

144 871 203 936 sub
225 869 300 957 gelu
321 867 450 944 fluente,
472 878 510 932 ut
531 867 618 952 apud
635 864 774 951 Caspias
795 877 905 951 portas
927 889 1009 951 quae
1031 868 1107 934 salis
1135 869 1269 936 flumina

143 972 361 1058 appellantur3
383 970 461 1032 item
482 967 566 1032 circa
579 966 715 1033 Mardos
737 978 769 1034 et
783 969 967 1034 Armenios.
989 967 1165 1036 Praeterea
1179 949 1268 1058 apud
1284 986 1314 1034 aa

144 1073 281 1138 Bactros
309 1094 419 1135 amnes
445 1068 558 1134 Ochus
585 1081 618 1134 et
645 1068 741 1134 Oxus
768 1092 809 1135 ex
836 1070 886 1135 his
915 1070 1072 1156 adpositis
1104 1073 1269 1140 montibus

143 1175 295 1240 deferunt
324 1172 399 1238 salis
425 1183 578 1236 ramenta.
616 1169 701 1236 Sunt
729 1182 760 1236 et
780 1171 813 1236 in
835 1171 947 1236 Africa
968 1173 1057 1237 lacus
1083 1173 1268 1257 etquidem

144 1276 265 1341 turbidi
287 1275 386 1339 salem
407 1271 554 1337 ferentes.
576 1271 701 1336 Ferunt
721 1273 852 1357 quidem
875 1284 906 1336 et
929 1272 1024 1338 calidi
1046 1273 1161 1352 fontes,
1184 1275 1269 1340 sicut

143 1376 313 1464 Pagasaei.
350 1373 397 1438 Et
421 1374 577 1439 haetenus
604 1373 725 1439 habent
755 1397 788 1439 se
817 1397 936 1463 genera
966 1397 1007 1439 ex
1034 1376 1126 1459 aquis
1152 1389 1269 1462 sponte

142 1475 371 1567 provenientia.
410 1473 495 1539 Sunt
517 1486 549 1540 et
570 1487 694 1541 montes
721 1475 821 1540 nativi
844 1476 930 1554 salis,
956 1476 1045 1541 utin
1066 1477 1158 1542 Indis
1179 1475 1313 1545 Oro-77

142 1602 253 1645 menus
274 1578 308 1643 in
330 1598 394 1672 quo
420 1577 666 1662 lapicidinarum
693 1578 787 1643 modo
814 1577 960 1642 caeditur
985 1600 1167 1657 renascens,
1197 1603 1267 1644 ma-

141 1683 256 1767 iusque
278 1703 392 1768 regum
413 1679 550 1767 vectigal
571 1703 611 1744 ex
634 1702 671 1745 eo
694 1689 742 1744 est
769 1702 865 1763 quam
893 1702 942 1744 ex·
959 1702 1038 1744 auro
1066 1691 1160 1765 atque
1181 1703 1267 1746 mar-

142 1785 265 1872 garitis.
288 1782 451 1846 Effoditur
473 1793 504 1845 et
527 1803 544 1845 e
568 1794 660 1860 terra,
684 1794 720 1846 ut
741 1768 848 1867 palam
871 1792 928 1860 est,
950 1804 1062 1847 umore
1078 1783 1212 1847 densato
1234 1784 1268 1848 in

143 1883 364 1971 Cappadocia3
387 1883 434 1948 ibi
455 1882 586 1967 quidem
607 1882 749 1948 caeditur
765 1882 976 1969 specularium
989 1883 1136 1969 lapidum
1151 1883 1266 1960 mod03

142 1987 269 2074 pondus
292 2009 445 2074 magnum
468 1984 592 2072 glaebis
614 2007 694 2068 quas
716 1985 815 2050 micas
837 1985 951 2072 volgus
973 1986 1124 2070 appellat.
1152 1984 1267 2052 Gerris
1283 1998 1313 2046 ss

142 2089 284 2154 Arabiae
305 2088 426 2174 oppido
448 2109 557 2151 muros
584 2087 760 2171 domosque
789 2087 904 2151 massis
934 2086 1009 2152 salis
1037 2086 1162 2151 faciunt
1183 2109 1267 2171 aqua

141 2191 379 2256 feruminantes.
401 2188 529 2254 Invenit
547 2201 580 2255 et
593 2189 684 2253 iuxta
698 2187 866 2254 Pelusium
880 2187 1086 2254 Ptolemaeus
1101 2210 1170 2266 rex,
1193 2211 1266 2253 cum

142 2304 244 2358 castra
265 2292 397 2369 faceret,
419 2313 484 2375 quo
506 2290 653 2377 exemplo
674 2301 787 2376 postea
809 2289 895 2355 inter
917 2289 1108 2376 Aegyptum
1131 2301 1164 2356 et
1178 2284 1265 2353 Ara-

141 2393 227 2460 biam
256 2394 353 2460 etiam
381 2391 601 2478 squalentibus
622 2392 699 2457 locis
723 2403 856 2478 coeptus
878 2402 928 2456 est
953 2391 1091 2456 inveniri
1115 2390 1266 2456 detractis

141 2495 278 2572 hareniS,
301 2495 437 2579 qualiter
459 2508 492 2559 et
512 2517 569 2580 per
582 2493 715 2559 Africae
739 2493 877 2559 sitientia
898 2515 1002 2578 usque
1017 2494 1060 2558 ad
1074 2491 1266 2557 Hammonis

141 2597 322 2674 oraculum,
345 2596 374 2660 is
397 2596 525 2679 quidem
548 2617 695 2660 crescens
717 2618 790 2659 eum
811 2596 887 2660 luna
908 2595 1065 2661 noctibus.
1095 2593 1180 2659 Nam
1196 2589 1266 2677 Cy·

141 2698 259 2762 renaici
287 2708 407 2762 tractus
435 2697 643 2762 nobilitantur
663 2697 895 2761 Hammoniaco
924 2708 957 2760 et
982 2697 1071 2782 ipso,
1098 2694 1176 2779 quia
1206 2694 1266 2759 sub

141 2800 271 2866 harenis
291 2799 490 2877 inveniatur,
507 2798 686 2885 appellat03
710 2799 822 2864 similis
845 2810 892 2863 est
914 2801 1018 2865 colore
1033 2798 1164 2864 alumini
1178 2797 1267 2882 quod
1281 2810 1311 2854 ⁷⁹

142 2902 283 2967 schiston
306 2912 431 2982 vocant,
453 2900 559 2989 longis
581 2899 704 2987 glaebis
718 2922 822 2985 neque
837 2899 1021 2985 perlucidis,
1044 2899 1191 2986 ingratus
1212 2922 1264 2964 sa-

175 3079 190 3141 §
205 3081 244 3127 75.
263 3075 365 3126 Bactris
377 3074 430 3137 dno,
444 3077 526 3126 omitt.
539 3077 614 3127 VR'.
634 3117 665 3125 -
684 3074 746 3124 alter
757 3074 793 3125 ad
803 3073 906 3140 Scythas
918 3091 997 3129 aneas
1009 3073 1078 3135 alter,
1090 3074 1139 3124 R‘2.
1158 3071 1228 3133 alter,
1241 3074 1265 3122 d.

142 3146 230 3197 Omitt.
243 3145 318 3194 VR¹.
337 3185 368 3193 -
387 3143 468 3205 Arios,
480 3145 585 3195 Barbar.
599 3145 654 3193 Vd.
672 3143 741 3205 alios,
755 3146 800 3194 R¹.
819 3143 906 3203 darios,
920 3145 969 3193 R'l.
987 3142 1085 3203 Parios,
1097 3143 1130 3190 Κ.
1143 3182 1174 3191 ..
1193 3156 1265 3189 erae

141 3219 229 3272 atnam,
245 3205 384 3262 OVRTd.
410 3220 527 3270 natitant,
543 3207 573 3272 β.
592 3253 622 3262 ,
651 3209 752 3273 Gillium,
770 3212 845 3261 codd.
857 3213 972 3261 Barbari.
992 3250 1019 3260 ..
1047 3208 1137 3270 elaea
1153 3202 1265 3258 OVTd.

142 3297 159 3330 a
175 3278 236 3342 lacn,
252 3280 284 3330 R.
311 3278 373 3339 laea,
390 3275 419 3341 β.
439 3321 469 3328 ..
492 3277 583 3342 deinde,
601 3281 654 3330 Τὰ.
675 3320 705 3329 -
724 3277 783 3340 sale,
796 3280 820 3328 d.
840 3320 870 3328 -
893 3294 993 3342 amnem,
1005 3279 1038 3329 V.
1058 3319 1088 3329 ..
1106 3274 1174 3342 yolus
1182 3275 1265 3340 fluen-

144 3356 196 3409 tem,
208 3350 242 3398 V.
262 3389 292 3397 ..
310 3346 448 3407 Amnenios,
461 3349 495 3397 V.

176 3419 244 3481 676.
263 3414 336 3479 apud,
348 3417 397 3464 12².
416 3422 438 3463 et
449 3413 522 3478 apud,
534 3416 630 3466 VR'd.
651 3457 682 3465 ..
701 3414 796 3475 Bairos,
810 3415 885 3465 VR¹.
899 3455 930 3464 -
949 3421 973 3462 et
986 3412 1059 3473 Onus,
1072 3414 1086 3461 d
1100 3410 1187 3474 (codd.
1200 3413 1265 3461 Bar·

143 3483 218 3546 bari).
242 3491 265 3532 et
273 3483 435 3549 ptissana
459 3481 579 3544 Iaxartes,
591 3484 697 3534 Barbar.
708 3484 742 3533 K.
761 3483 849 3533 omitt.
862 3483 938 3533 VR'.
958 3523 988 3530 ..
1007 3498 1037 3529 en
1048 3479 1092 3541 na,
1109 3473 1263 3529 0VR¹Td

142 3569 179 3611 er,
191 3548 241 3616 βγ.
259 3553 316 3603 Om.
329 3552 376 3600 R2.
401 3552 458 3600 Vid.
471 3551 613 3600 Glismann.
635 3552 660 3599 in
672 3551 745 3600 Iahn.
764 3551 837 3600 novis
856 3551 940 3599 annal.
953 3557 977 3601 6.
990 3565 1014 3613 p.
1027 3555 1066 3598 90.
1087 3589 1118 3598 ..
1136 3545 1263 3596 turbidi-

143 3619 243 3685 qnidem,
260 3635 311 3669 om.
324 3621 358 3668 V.
377 3660 408 3668 -
427 3618 555 3683 Pagasaei,
567 3614 596 3679 β.
616 3660 644 3668 -
665 3617 790 3667 haectenus
801 3617 910 3667 babentes
921 3633 953 3676 se,
964 3618 999 3667 V.
1018 3658 1048 3666 -
1065 3623 1144 3679 ponte,
1156 3616 1190 3665 V.

177 3688 192 3749 ἓ
206 3694 245 3739 77.
264 3687 296 3747 in,
309 3688 389 3737 omitt.
403 3687 487 3736 VRd.
502 3727 532 3734 -
555 3685 689 3745 Orommas,
701 3687 749 3735 Rl.
771 3685 893 3747 Ornemns,
906 3686 1001 3736 VR¹d
1021 3725 1051 3734 ..
1071 3681 1264 3747 lapicidinarum,

143 3757 195 3806 Ta.
221 3753 424 3818 lapbidinearam,
437 3754 512 3803 vat
537 3752 729 3816 lapidicinarum,
741 3755 790 3803 R2.
810 3795 841 3803 -
859 3751 981 3817 vecnqnla
993 3757 1017 3803 d.
1037 3793 1067 3802 ..
1087 3767 1113 3799 eo
1124 3759 1165 3810 est,
1178 3752 1264 3799 VRd.

143 3839 178 3884 eo,
195 3824 308 3874 Gronov.
320 3836 345 3887 γ.
365 3863 396 3871 ..
420 3837 528 3882 mauro,
541 3824 565 3872 d.
592 3837 621 3871 ea
637 3838 696 3870 aare
712 3829 753 3882 est,
767 3822 849 3886 var.
876 3837 935 3869 aare
952 3828 993 3880 est,
1009 3813 1037 3869 θ.
1058 3860 1088 3869 ..
1112 3818 1265 3882 margareta,

143 3893 205 3941 VR.
219 3932 248 3940 -
269 3898 291 3938 et
302 3906 314 3939 e
327 3898 392 3938 terra
403 3897 435 3951 ut,
449 3893 497 3941 3².
515 3896 564 3950 aut,
576 3890 631 3939 Vd.
645 3890 702 3941 Om.
715 3891 760 3939 R'.
776 3930 806 3938 ..
825 3887 945 3949 damaim,
958 3890 1039 3940 VRd.
1053 3928 1084 3936 ..
1103 3884 1202 3945 ceditur,
1213 3887 1263 3935 R2.

144 3966 167 4006 et
178 3956 260 4020 editur,
273 3959 371 4009 VR¹d.
389 3999 420 4007 -
438 3956 534 4022 glabris,
547 3958 581 4007 V.

178 4025 192 4086 ξ
210 4030 249 4076 76.
271 4024 377 4087 Gerrlia,
389 4026 513 4076 Harduin.
527 4026 584 4075 coll.
598 4031 621 4086 6,
637 4030 692 4077 147.
706 4033 731 4074 et
743 4025 862 4076 Strabon.
878 4022 916 4075 1’6.
928 4039 953 4089 p.
968 4029 1025 4075 766.
1050 4021 1141 4083 carra,
1154 4015 1264 4081 vada.

143 4094 211 4144 Add.
224 4092 366 4143 Tzschucla
378 4102 443 4143 nott.
455 4108 489 4143 cr.
501 4096 534 4142 ad
545 4094 606 4142 Mel.
618 4093 668 4143 ΠΙ.
681 4099 704 4154 8,
718 4098 740 4144 7.
755 4134 786 4143 ..
804 4109 877 4156 aqna,
889 4094 959 4143 R2d.
978 4108 1047 4154 aque,
1059 4091 1135 4140 VR¹.
1149 4130 1180 4138 ..
1190 4090 1265 4153 sern-

143 4159 263 4221 minantia,
275 4161 349 4211 VR¹.
369 4202 399 4210 -
418 4159 576 4221 Ptbolomeas,
588 4162 621 4211 V.
640 4201 671 4210 -
690 4160 760 4225 qaod,
772 4163 817 4211 R¹.
837 4201 868 4209 ..
886 4167 991 4222 saeptas,
1003 4160 1037 4210 V.
1056 4200 1086 4208 ..
1106 4156 1220 4214 invenire,
1232 4157 1264 4206 R

144 4269 175 4278 ..
192 4227 297 4278 sitientia
308 4244 388 4292 usqae,
400 4231 454 4279 Ru.
474 4228 614 4291 sitientibus,
626 4229 660 4279 V.
679 4269 710 4278 -
729 4227 848 4278 maculam
861 4226 962 4291 quidem,
974 4229 1006 4278 V.
1026 4267 1057 4276 -
1076 4225 1145 4275 lanae
1156 4225 1265 4285 motibus,

143 4297 197 4348 Ian.
210 4297 237 4345 in
249 4296 332 4347 diurn.
344 4298 423 4360 antiq.
438 4300 510 4348 1667.
522 4311 565 4346 no.
579 4303 619 4348 86.
639 4337 669 4346 ..
689 4295 835 4359 quiremaiai,
846 4296 880 4346 V.
