2918 4800
412 300 482 348 Lm.
498 302 615 349 xx1111.
647 302 724 347 cae.
741 302 763 347 1.
780 301 817 347 11.
847 300 945 348 sacr.
962 304 979 344 1.
993 301 1012 344 a.
1227 287 1269 349 49

145 474 269 518 venena
290 474 328 518 ac
351 453 500 519 minumis
523 474 663 537 quoque.
694 452 829 537 Philyra
850 452 917 517 coci
940 461 972 517 et
993 450 1111 537 polline
1133 451 1268 517 nimium

146 555 245 623 salem
272 553 353 620 cibis
381 554 543 633 eximunt3
576 554 797 640 praedulcium
830 553 995 618 fastidium
1022 554 1067 619 sal
1100 567 1268 640 temperat.

145 654 294 721 Nitrosae
317 667 373 721 aut
393 679 519 722 amarae
541 678 645 740 aquae
666 657 795 741 polenta
809 654 918 720 addita
933 655 1120 741 mitigantur
1134 666 1170 719 ut
1184 657 1270 721 intra

146 757 227 823 duas
248 756 345 823 horas
367 756 433 823 bibi
455 758 590 845 possint,
612 779 677 841 qua
698 758 738 822 de
760 779 859 822 causa
880 757 913 821 in
930 778 1040 822 saccos
1056 756 1196 821 vinarms
1210 756 1269 820 ad-

146 859 232 924 ditur
253 859 396 944 polenta3
421 858 531 925 similis
554 860 604 924 vis
618 858 764 925 Rhodiae
788 869 890 924 cretae
913 870 946 923 et
967 857 1101 945 argillae
1122 858 1268 922 nostrati.

147 957 330 1026 Concordia
350 960 465 1038 valent,
488 983 561 1027 cum
583 961 639 1047 pix
655 960 724 1026 oleo
741 959 930 1038 extrahitur,
954 958 1084 1043 quando
1097 970 1269 1043 utrumque

146 1062 277 1151 pinguis
302 1073 435 1127 naturae
464 1073 531 1140 est3
565 1063 670 1127 oleum
698 1063 801 1127 solum
829 1060 908 1126 calci
935 1061 1104 1138 miscetur,
1139 1058 1269 1143 quando

145 1173 318 1248 utrumque
339 1186 439 1248 aquas
461 1164 538 1229 odit.
575 1161 722 1228 Cummis
748 1174 839 1229 aceto
867 1162 995 1227 facilius
1024 1163 1151 1238 eluitur,
1181 1171 1268 1225 atra-

147 1276 288 1331 mentum
310 1287 408 1350 aqua3
438 1266 607 1331 innumera
633 1274 800 1351 praeterea
828 1265 890 1330 alia
918 1287 1001 1348 quae
1030 1265 1096 1330 suis
1117 1265 1196 1330 locis
1218 1264 1268 1329 di·

146 1379 259 1434 centur
280 1366 425 1433 adsidue.
452 1367 539 1432 Hinc
561 1377 637 1431 nata
658 1367 830 1442 medicina3
853 1366 933 1432 haec
955 1367 1022 1433 sola
1043 1376 1176 1433 naturae
1197 1367 1298 1453 pla-4

146 1480 256 1535 cuerat
283 1490 353 1534 esse
381 1469 525 1534 remedia
552 1478 665 1555 parata
691 1469 804 1554 volgo,
837 1468 974 1533 inventu
1000 1467 1105 1532 facilia
1132 1490 1171 1535 ac
1200 1467 1269 1535 sine

145 1569 300 1656 inpendio
327 1582 359 1634 et
386 1569 504 1655 quibus
532 1569 682 1635 vivimus.
725 1570 844 1636 Postea
876 1570 1006 1634 fraudes
1038 1569 1204 1635 hominum
1237 1582 1269 1636 ct

144 1670 347 1757 ingeniorum
375 1683 526 1757 capturae
554 1672 698 1737 officinas
727 1672 878 1738 invenere
903 1673 982 1738 istas
1010 1672 1044 1737 in
1068 1671 1188 1756 quibus
1211 1695 1269 1736 sua

145 1773 261 1857 cuique
283 1773 402 1838 homini
423 1774 545 1839 venalis
566 1774 763 1859 promittitur
784 1775 859 1839 vita.
882 1771 1002 1839 Statim
1022 1773 1269 1858 compositiones

145 1884 177 1936 et
197 1873 356 1940 mixturae
382 1874 627 1960 inexplicabiles
656 1875 877 1953 decantantur,
904 1875 1029 1940 Arabia
1056 1885 1153 1959 atque
1174 1875 1269 1940 India

90 2036 101 2043 .
145 1973 179 2037 in
200 1975 307 2040 medio
328 1987 548 2042 aestumantur
562 1977 724 2061 ulcerique
740 1999 840 2062 parvo
856 1977 1013 2040 medicina
1035 2000 1054 2040 a
1075 1975 1173 2040 rubro
1188 1976 1268 2039 mari

144 2075 322 2162 inputatur,
360 2102 433 2144 cum
467 2078 609 2144 remedia
634 2101 711 2143 vera
738 2079 854 2144 cotidie
882 2079 1104 2165 pauperrimus
1131 2076 1269 2161 quisque

145 2188 246 2242 cenet.
267 2178 352 2244 Nam
374 2180 402 2244 si
425 2203 465 2245 ex
486 2179 577 2244 horto
598 2189 749 2265 petantur
771 2188 827 2245 aut
847 2180 949 2246 herba
970 2181 1022 2245 'vel
1042 2179 1152 2244 frutex
1166 2193 1295 2262 quae-⁵

144 2290 248 2357 ratur,
277 2283 366 2347 nulla
388 2281 505 2347 artium
526 2281 619 2347 vilior
641 2282 706 2347 fiat.
743 2282 794 2347 Ita
822 2292 871 2348 est
892 2282 1050 2368 profecto,
1080 2280 1268 2367 magnitudo

145 2380 254 2467 populi
269 2383 410 2469 perdidit
423 2383 503 2449 ritus
518 2383 738 2468 vincendoque
753 2384 830 2451 victi
846 2407 973 2461 sumus3
996 2405 1147 2470 paremus
1161 2392 1266 2448 exter-

144 2481 194 2546 nis
216 2495 248 2548 et
269 2507 333 2549 una
355 2485 471 2549 artium
490 2485 726 2571 inperatoribus
740 2507 869 2570 quoque
882 2487 1119 2571 inperaverrmt.
1145 2484 1267 2551 Verum

144 2582 185 2648 de
206 2584 257 2649 his
279 2585 357 2650 alias
378 2588 480 2673 plura.

187 2684 231 2749 H.
260 2686 290 2751 2.
320 2686 427 2752 Loton
455 2686 588 2753 herbam
610 2688 750 2773 itemque
772 2687 969 2774 Aegyptiam
992 2687 1105 2752 eodem
1125 2689 1295 2767 nominee

145 2787 224 2853 alias
246 2796 278 2852 et
299 2785 461 2873 Syrticam
483 2790 640 2869 arborem,
668 2789 808 2855 diximus
837 2789 904 2855 suis
930 2788 1017 2855 locis.
1054 2787 1147 2855 Haec
1173 2792 1265 2870 lotos,

179 2997 229 3059 53.
248 2995 358 3061 Phylira,
371 2999 403 3048 V.
422 3040 453 3048 -
469 2998 560 3063 pillinc,
572 3000 606 3049 V.
627 3040 657 3048 -
676 2998 741 3059 cibis,
754 3000 788 3049 V.
806 2998 860 3061 cibi,
874 2995 945 3064 dsty.
965 3040 996 3048 -
1014 2997 1173 3062 mitigaretur,
1186 2998 1220 3048 V.
1234 3039 1265 3049 ..

145 3062 170 3110 in
181 3079 268 3123 saccos,
282 3065 337 3115 Vd.
356 3062 554 3128 attrectanti.
569 3108 600 3116 -
618 3067 661 3127 vi'a,
674 3070 697 3116 d.
715 3066 772 3128 auia,
785 3069 818 3118 V.
832 3109 863 3117 -
882 3068 989 3127 nostrati,
1001 3067 1084 3118 VTd.
1103 3065 1224 3127 noscatis,
1236 3062 1265 3127 β.

146 3170 177 3179 ..
199 3127 329 3180 Concordia
341 3130 420 3182 valent
431 3151 489 3197 carn,
502 3135 548 3184 Vd
561 3133 647 3197 (codd.
661 3133 731 3197 Gal.)
755 3133 881 3184 concordia
893 3133 1036 3195 valentiam„
1048 3135 1079 3183 Τ.
1098 3132 1168 3194 valet,
1181 3135 1214 3183 Κ.
1233 3174 1265 3182 -

140 3197 194 3261 pia,
206 3200 251 3249 Td
263 3197 349 3261 (codd.
359 3199 429 3263 Gal.)
445 3203 497 3267 pia,
507 3204 540 3253 V.
554 3243 585 3252 ..
598 3200 693 3266 qnando
705 3211 836 3266 atramque,
848 3203 905 3252 Vd.
923 3202 1034 3265 quoniam
1046 3209 1177 3264 atrumque,
1187 3202 1219 3250 T.
1234 3240 1265 3250 -

148 3261 256 3328 domnia
275 3270 310 3317 ita
326 3285 373 3319 nos
389 3272 533 3333 scripsimus
546 3271 606 3321 coll.
618 3273 651 3319 ad
663 3276 704 3331 32,
717 3278 757 3320 24.
785 3270 901 3329 Geminis,
913 3271 967 3332 Vy.
994 3266 1091 3330 Commi,
1108 3260 1136 3316 θ.
1164 3266 1266 3329 Gummi,

145 3329 196 3395 ‹1ss.
216 3375 245 3384 ..
263 3344 389 3399 praeterea
401 3336 460 3398 alia,
472 3340 496 3387 d.
518 3335 570 3385 alia
578 3346 712 3401 praeterea,
726 3338 758 3387 V.
783 3336 835 3385 alia
843 3343 975 3401 praetereo,
989 3335 1103 3386 Gronov.
1127 3335 1164 3385 Aa
1176 3335 1266 3384 eadem

143 3416 245 3465 prorsus
257 3403 458 3467 breviloquentia
470 3403 547 3454 Milia
555 3412 690 3468 praeterea,
703 3420 736 3454 sc.
750 3405 832 3455 dicere
845 3402 956 3469 possum,
970 3418 1029 3453 usus
1042 3408 1081 3453 est
1091 3403 1158 3452 Plin.
1171 3406 1194 3462 8,
1209 3409 1265 3453 102.

145 3509 176 3518 -
195 3467 303 3532 amidae,
315 3473 384 3522 delet
395 3472 463 3522 Pint.

178 3565 230 3627 54.
248 3564 305 3624 Hic,
318 3566 373 3615 Vd.
393 3606 423 3615 ..
442 3564 579 3625 medminae,
593 3565 647 3615 Vd.
668 3606 697 3615 -
717 3574 740 3614 et
750 3566 840 3629 quibua,
856 3557 966 3616 OVTd.
985 3580 1015 3613 ea·
1026 3564 1116 3627 quibus,
1127 3559 1157 3624 β.
1175 3578 1205 3610 ac
1216 3563 1266 3612 rinc

144 3628 262 3693 impendio
274 3649 360 3694 eornm,
373 3634 463 3696 quibus,
474 3635 543 3683 Pint.
561 3675 593 3683 -
614 3632 721 3695 bibimus,
734 3636 758 3683 d.
778 3675 808 3683 ..
826 3632 894 3693 ritas,
906 3634 940 3683 V.
960 3675 991 3683 -
1010 3630 1104 3696 quique,
1117 3631 1164 3679 V'.
1179 3672 1209 3681 ..
1228 3647 1266 3681 ve·

144 3696 196 3747 nali
206 3700 352 3763 syromititnr
368 3700 434 3763 vitia,
447 3702 480 3751 V.
507 3698 598 3750 venalia
609 3700 660 3750 vita
673 3701 826 3764 promittitur,
839 3703 892 3752 To.
912 3742 943 3751 ..
966 3717 1017 3748 euni
1031 3697 1168 3764 positiones,
1180 3699 1214 3750 V.
1235 3742 1265 3751 ..

144 3763 291 3828 decantatur,
302 3769 334 3818 V.
347 3810 378 3819 ..
398 3768 483 3829 media,
498 3762 606 3820 OVTd.
625 3767 744 3831 medendo,
757 3771 789 3821 K.
808 3767 919 3829 remedia,
932 3771 1010 3820 Hard.
1025 3808 1056 3817 -
1074 3767 1207 3832 imponitur,
1220 3769 1266 3820 K'.

144 3832 292 3897 impenditur,
305 3836 354 3886 K2.
375 3878 404 3887 ..
424 3837 528 3901 quiaque,
542 3853 592 3887 om.
606 3838 642 3886 d'.
662 3880 692 3887 -
711 3846 796 3888 coenet.
810 3836 883 3897 Nam,
896 3841 920 3887 tl.
938 3843 1067 3896 centenam,
1079 3836 1112 3885 V.

177 3925 228 3986 55.
256 3936 316 3990 ortu,
333 3930 366 3979 V.
386 3971 415 3980 ..
433 3928 493 3991 stat,
509 3931 542 3979 V.
562 3929 618 3991 flet,
635 3932 687 3980 Til.
708 3971 739 3980 -
762 3928 930 3994 rnnqnitudinc,
947 3931 1001 3980 Vd.
1023 3970 1052 3978 -
1074 3928 1164 3994 populi,
1183 3931 1265 3981 V'l'd.

140 3993 226 4058 populi
237 3995 349 4058 Romani,
360 3992 412 4060 βγ.
425 4038 454 4047 ..
470 3995 634 4060 vincendoque,
644 3991 753 4048 8VTd.
773 3996 891 4058 vincendo,
903 3992 932 4058 β.
948 4038 977 4047 ..
991 3996 1171 4062 imperaverunt,
1182 3998 1264 4050 VTd.

142 4061 252 4126 imperat,
264 4060 292 4126 β.
313 4106 343 4114 ..
370 4065 465 4125 Verum,
478 4081 529 4114 om.
543 4067 575 4115 V.

79 4185 82 4191 .
178 4145 233 4206 56.
261 4147 354 4198 Lathon
373 4148 458 4208 laba,
476 4151 510 4198 V.
535 4190 564 4199 -
594 4148 722 4213 Aegyptia,
740 4149 773 4198 V.
799 4190 827 4199 ..
857 4148 958 4199 diximus
979 4155 1016 4209 13,
1036 4156 1091 4202 lot.
1110 4149 1170 4200 coll.
1189 4151 1265 4200 Dios·

144 4222 318 4333 raith:
1041 4284 1062 4345 4
