2918 4800
412 290 482 335 nm.
499 291 600 336 xxix.
632 289 708 334 car.
725 290 826 335 11.111.
856 287 954 334 sucu.
969 289 1038 331 a-n.
1221 269 1283 334 345

165 440 329 529 rhagadiis
350 452 382 504 et
403 439 634 523 condylomatis
657 463 729 505 cum
750 440 889 504 meliloto
911 461 948 503 ac
970 437 1100 522 butyro
1130 437 1284 521 Reliquos

166 566 245 607 usus
268 542 337 606 eius
360 564 417 606 suo
438 541 507 605 loco
523 541 714 627 digeremus.
740 538 861 606 Sordes
875 561 1002 624 quoque
1018 539 1191 603 caudarum
1206 561 1284 605 con·

168 653 274 708 cretae
301 642 334 705 in
362 641 478 727 pilulas
508 642 643 707 siccatae
671 665 729 728 per
763 665 797 707 se
830 654 1005 724 tunsasque
1032 640 1065 704 in
1094 640 1228 704 farinam
1254 653 1287 706 et

166 743 274 807 inlitae
297 742 447 808 dentibus
468 743 547 808 mire
568 754 713 828 prosunt,
736 744 833 809 etiam
853 742 1047 821 labantibus,
1070 741 1286 828 gingivisque,

169 846 196 911 si
219 844 398 911 carcinoma
420 856 548 931 serpat3
576 845 640 909 iam
668 867 743 911 vero
772 868 855 930 pura
883 844 1002 910 vellera
1023 855 1079 908 ant
1099 867 1158 930 per
1180 866 1215 910 se
1236 845 1285 909 in-
1300 861 1332 906 as

168 947 275 1032 posita
296 946 400 1011 caecis
422 947 584 1011 doloribus
607 957 664 1010 aut
685 957 818 1031 accepto
842 945 993 1031 sulphure
1014 958 1046 1010 et
1070 945 1151 1010 cinis
1178 968 1287 1010 eorum

168 1048 356 1135 genitalium
379 1048 482 1126 vitiis,
506 1059 691 1132 tantumque
714 1047 835 1135 pollent
855 1057 891 1112 ut
904 1047 1145 1112 medicamentis
1160 1068 1288 1130 quoque

170 1159 436 1236 superponantur.
458 1147 632 1214 Medentur
653 1162 726 1214 aute
748 1149 854 1215 omnia
876 1159 907 1214 et
928 1149 1035 1234 pecori
1056 1149 1131 1235 ipsi,
1153 1149 1180 1212 si
1195 1148 1288 1212 fasti-

130 1242 137 1256 Χ
170 1252 223 1316 dio
245 1274 309 1316 non
330 1261 518 1337 pascantur;
551 1252 653 1316 cauda
679 1252 765 1315 enim
792 1274 888 1336 quam
916 1251 1075 1316 artissime
1102 1249 1289 1336 praeligata,

171 1353 279 1418 evolsa
300 1351 377 1418 inde
403 1352 476 1416 lana
507 1352 615 1417 statim
640 1363 830 1432 vescuntur,
861 1354 1054 1436 traduntque
1082 1351 1169 1436 quod
1197 1361 1289 1416 extra

169 1455 290 1518 nodum
312 1454 390 1519 site
413 1454 515 1519 cauda
535 1456 705 1540 praemori.

212 1555 275 1620 III.
299 1557 349 1620 11.
372 1556 485 1620 Lanae
507 1555 627 1621 habent
649 1568 680 1621 et
701 1579 774 1622 cum
794 1557 863 1622 ovis
879 1557 1063 1622 societatem
1078 1556 1173 1620 simul
1193 1555 1290 1621 fronti
1303 1573 1336 1616 aa

170 1657 328 1743 inpositae
350 1669 460 1722 contra
481 1648 667 1743 epiphoras3
690 1681 754 1724 non
776 1680 858 1744 opus
880 1668 930 1722 est
951 1679 1006 1722 eas
1024 1657 1059 1720 in
1073 1657 1133 1723 hoc
1154 1679 1216 1721 usu
1237 1679 1289 1722 ra-

172 1758 277 1823 dicula
298 1781 368 1824 esse
390 1769 517 1824 curatas
539 1782 642 1843 neque
664 1759 751 1824 aliud
773 1781 870 1843 quam
896 1759 1068 1823 candidum
1095 1782 1136 1823 ex
1157 1780 1218 1823 ovo
1239 1757 1290 1822 in-

172 1859 265 1923 fundi
286 1882 324 1924 ac
345 1860 496 1945 pollinem
518 1861 609 1926 turis.
645 1860 719 1926 Ova
743 1883 802 1946 per
829 1884 863 1925 se
891 1861 999 1926 infuso
1027 1860 1162 1926 candido
1190 1858 1291 1924 oculis

172 1960 341 2046 epiphoras
364 1959 514 2026 cohibent
535 1962 722 2046 urentisque
736 1962 926 2050 refrigerant
931 1988 940 2041 ;
962 1962 1095 2046 quidam
1110 1984 1183 2026 cnm
1198 1982 1291 2026 croco

172 2063 355 2149 praeferunt
376 2073 408 2128 et
429 2085 489 2148 pro
504 2086 588 2148 aqua
601 2065 735 2129 miscent
749 2064 905 2149 collyriis3
932 2063 1108 2127 infantibus
1123 2086 1200 2129 vero
1215 2084 1291 2127 con-

172 2174 222 2227 tra
242 2164 453 2250 lippitudines
476 2165 530 2230 vix
551 2166 639 2230 aliud
654 2166 795 2230 remedio
809 2176 858 2230 est
872 2164 990 2249 butyro
1004 2165 1147 2229 admixto
1161 2164 1291 2230 recenti.

173 2266 297 2331 Eadem
320 2288 392 2330 cum
414 2267 484 2331 oleo
511 2267 585 2332 trita
612 2267 697 2354 ignis
727 2289 835 2332 sacros
862 2266 984 2331 leniunt
1010 2265 1104 2331 betae
1127 2265 1212 2330 foliis
1237 2287 1291 2329 su·
1305 2281 1339 2326 4ο

173 2366 385 2452 perinligatis.
424 2363 571 2434 Candido
597 2390 731 2434 ovorum
763 2368 796 2432 in
824 2368 924 2433 oculis
956 2379 987 2432 et
1015 2367 1072 2452 pili
1100 2367 1293 2432 reclinantur

173 2467 391 2534 hammoniaco
420 2469 495 2533 trito
524 2469 729 2554 admixtoque
757 2480 789 2534 ct
818 2469 888 2534 vari
914 2469 948 2533 in
976 2468 1060 2533 facie
1087 2491 1160 2533 cum
1188 2466 1293 2554 pineis

174 2567 296 2632 nucleis
317 2590 355 2634 ac
377 2569 469 2635 melle
490 2571 633 2649 modico;
662 2571 734 2656 ipsa
760 2571 858 2635 facies
884 2571 977 2635 inlita
998 2571 1064 2635 sole
1092 2592 1155 2635 non
1177 2569 1292 2634 uritur.

174 2667 334 2734 Ambusto
355 2671 446 2753 aquis
469 2671 497 2736 si
519 2673 627 2736 statim
649 2694 709 2738 ovo
731 2682 943 2757 occupentur,
971 2672 1105 2757 pusulas
1131 2694 1196 2736 non
1217 2693 1292 2736 sen-

175 2771 257 2835 tiunt
264 2796 273 2846 3
297 2773 427 2855 quidam
442 2773 622 2839 admiscent
642 2773 779 2839 farinam
799 2772 1001 2839 hordeaciam
1024 2785 1057 2838 et
1072 2773 1147 2838 salis
1161 2796 1276 2859 parum
1283 2798 1292 2849 3

175 2872 338 2938 ulceribus
359 2896 436 2939 vero
459 2897 500 2939 ex
521 2875 669 2948 ambusto
691 2899 763 2940 cum
785 2875 921 2941 candido
937 2897 1070 2940 ovorum
1084 2886 1203 2940 tostum
1218 2875 1293 2939 hor-

175 2974 271 3038 deum
293 2983 323 3037 et
345 2974 439 3038 suillo
461 2976 557 3060 adipe
570 2977 651 3041 mire
665 2978 804 3062 prodest.
833 2975 958 3042 Eadem
973 2977 1138 3042 curatione
1152 2975 1195 3040 ad
1209 2974 1294 3039 sedis
1307 2990 1337 3034 41

172 3174 276 3244 χηνείῳ
289 3175 388 3226 στέατι.
407 3179 463 3240 oria,
476 3175 609 3245 VRdssr.
623 3222 653 3230 ..
673 3181 758 3241 butiro,
770 3183 803 3231 V.
824 3222 854 3230 -
872 3198 913 3230 suo
931 3179 987 3241 loco,
1005 3181 1085 3231 omitt
1097 3180 1159 3229 VR.
1180 3219 1210 3228 -
1229 3176 1294 3242 dipe-

176 3262 260 3304 remus,
273 3245 320 3294 R'-’.
339 3243 503 3309 dipereremus,
516 3249 550 3299 V.
568 3246 683 3312 ducac,
695 3251 719 3300 d.
738 3247 849 3313 diuersae,
863 3250 908 3300 R'.
928 3289 959 3298 -
982 3247 1079 3309 Sordes,
1092 3248 1148 3297 Vd.
1166 3246 1206 3295 De
1217 3244 1294 3294 sordi·

176 3314 217 3361 bus
229 3310 320 3361 caudae
331 3311 391 3362 med.
403 3312 492 3375 sarda,
504 3317 536 3366 R.
555 3357 586 3364 -
605 3315 715 3379 uocatae,
727 3317 811 3367 VRd.
834 3333 863 3365 uc
879 3316 990 3376 siccatae,
1006 3309 1058 3380 βγ.
1072 3356 1103 3364 ..
1117 3322 1234 3376 mamae,
1248 3314 1296 3364 Vd

176 3378 261 3442 (codd.
276 3379 345 3442 Gal.)
365 3388 491 3444 tuccetaque,
502 3384 534 3432 R.
548 3384 707 3446 ,farinam
721 3386 792 3434 codd.
806 3383 862 3435 Gal.
872 3384 972 3448 surina,
984 3384 1068 3434 VRd.
1082 3424 1114 3432 ..
1128 3380 1295 3443 labantibus‚d

177 3445 262 3509 (codd.
276 3446 346 3509 Gal.)
365 3447 548 3513 labanttbusque,
560 3453 591 3501 R.
610 3449 798 3515 mvunubusque,
811 3453 844 3501 V.
863 3493 894 3500 -
912 3450 1070 3516 pelagianisque,
1083 3451 1116 3500 V.

211 3530 225 3590 ἓ
238 3538 279 3582 38.
297 3532 407 3596 inposita,
419 3534 467 3583 R2.
483 3534 570 3598 positu,
582 3536 681 3585 VR1d.
701 3577 731 3585 ..
749 3535 849 3599 aulpme,
862 3537 895 3586 V.
910 3577 940 3586 ..
958 3534 1047 3599 pollent
1058 3543 1091 3597 ut,
1103 3534 1157 3584 Rd.
1173 3531 1295 3597 pollemus,

177 3598 210 3647 V.
225 3639 254 3647 ..
271 3609 411 3662 pascuntur,
423 3602 455 3650 R.
471 3610 595 3664 pascatur,
607 3597 710 3667 vdssy.
725 3643 756 3652 ..
772 3601 906 3668 praeliqate
918 3601 992 3664 vobo,
1004 3605 1035 3655 R.
1049 3643 1080 3655 ..
1091 3599 1251 3666 promereri,
1262 3600 1295 3651 R.

211 3692 226 3753 ξ
238 3696 278 3740 39.
296 3691 436 3753 societatem,
448 3694 546 3744 vitot
565 3711 610 3743 uon
622 3701 694 3744 totam
705 3696 845 3756 εοοίεῑαεοηι,
858 3699 899 3746 (1².
913 3737 944 3744 -
956 3693 1087 3754 radiculae,
1098 3694 1171 3744 codd.
1181 3693 1295 3744 Barbari.

178 3797 209 3804 -
226 3755 277 3806 Oua
286 3774 331 3820 per
342 3775 375 3820 se,
387 3777 410 3810 v.
423 3763 539 3812 Dioscor.
552 3769 576 3822 2,
589 3767 629 3812 55.
643 3803 674 3811 -
686 3763 827 3826 urentuqua
840 3764 872 3813 V.
891 3771 1035 3825 urentesque,
1049 3765 1063 3812 d
1068 3758 1118 3824 βγ.
1137 3760 1227 3810 urentis
1239 3776 1295 3824 qua,

177 3824 225 3873 Ra
243 3833 334 3872 urentes
345 3843 394 3889 oue,
407 3829 451 3878 R'.
472 3869 498 3877 -
520 3846 570 3878 cum
583 3845 658 3891 crona
670 3831 753 3881 VRd.
771 3847 815 3893 pro
828 3847 901 3890 croco,
914 3832 945 3879 Τ.
965 3870 995 3878 -
1014 3829 1144 3889 miscentur,
1157 3830 1244 3879 VRd.
1262 3868 1294 3878 .-

178 3889 319 3954 lipitudinea,
332 3893 364 3943 V.
384 3894 498 3957 lipidiues,
511 3899 543 3947 R.
562 3938 593 3947 ..
617 3897 823 3960 remediavltu.
845 3895 979 3958 remedium,
995 3891 1046 3961 βγ.
1070 3895 1197 3945 remedium
1214 3911 1294 3946 conue-

177 3958 284 4020 nientius,
297 3962 329 4010 Κ.
348 4002 378 4010 -
399 3963 481 4024 butiro,
493 3966 527 4014 V.
589 3981 595 3988 ·

212 4056 280 4117 540.
298 4053 477 4119 superillipatic,
488 4057 544 4106 Vd.
567 4055 681 4122 inliputia
693 4058 724 4106 R.
743 4097 774 4107 ..
798 4056 951 4117 anrmcuicco,
964 4058 997 4106 V.
1017 4097 1047 4105 -
1072 4056 1133 4116 vari,
1145 4056 1176 4105 R.
1196 4055 1249 4116 turi,
1261 4057 1295 4106 V.

178 4119 276 4180 varices,
289 4122 342 4171 Td.
361 4163 391 4172 ..
402 4122 481 4186 ⁴facie,
493 4125 548 4174 Rd.
559 4123 700 4188 faventiae,
712 4126 745 4175 V.
765 4164 797 4174 ...
815 4123 913 4184 modico,
925 4124 950 4173 R
958 4127 974 4173 Ἰ.
993 4123 1073 4185 mixto,
1086 4125 1141 4174 VR
1150 4125 1156 4156 ¹
1164 4127 1187 4175 d.
1206 4121 1296 4172 modico

179 4186 297 4250 tolluumr,
310 4192 341 4240 K.
361 4232 391 4240 -
416 4190 465 4254 ipse
475 4190 558 4254 facies
569 4190 634 4252 illita,
647 4194 677 4243 T.
699 4233 728 4242 ..
748 4191 832 4252 uritur,
844 4192 895 4241 R'·’.
913 4198 1020 4250 amatur,
1033 4192 1159 4243 VRle.
1177 4189 1296 4254 aduritur,

157 4274 159 4278 ·
178 4250 227 4318 βγ.
248 4297 278 4306 -
297 4259 435 4322 οοοίρεηιυν,
448 4259 482 4309 V.
502 4300 531 4309 -
548 4257 656 4324 pusulas,
669 4260 752 4311 vad.
768 4258 865 4324 pilulas,
880 4260 910 4309 T.
931 4301 961 4309 -
973 4259 1039 4323 salis
1047 4276 1144 4326 purum,
1156 4261 1190 4312 V.
