2918 4800
423 311 493 356 nm.
510 310 609 356 xxvr.
640 308 718 356 cer.
736 310 813 356 xm.
845 307 943 356 sacr.
959 309 1043 354 aaa.
1231 292 1291 354 201

170 461 352 528 ischiadicis
375 472 407 526 et
428 460 612 526 volneribus
640 484 680 526 ex
707 473 796 527 aceto
823 460 995 546 inpositam
1023 469 1154 544 propter
1177 459 1291 524 sisten-

92 571 104 591 ‘
171 564 248 627 dum
271 563 471 650 sanguinem.
494 561 539 626 Et
560 563 741 649 nymphaea
764 563 838 626 trita
852 562 957 648 plagis
972 561 1151 647 inponitur3
1175 584 1293 647 peuce·
1309 581 1356 625 rac

171 665 290 728 danum
312 687 387 728 cum
408 663 528 729 semine
550 664 695 750 cupressi
716 663 848 742 bibitur,
879 663 906 728 si
929 662 1061 748 sanguis
1082 685 1141 748 per
1162 687 1198 728 os
1220 663 1294 727 red-

172 766 259 830 ditus
282 777 331 831 est
351 765 484 830 fluxitve
506 764 547 830 ab
570 766 713 831 infernis.
743 764 892 830 Sideritis
914 774 1034 828 tantam
1055 764 1120 828 vim
1141 763 1238 829 habet
1258 775 1295 828 ut

172 867 320 951 quamvis
339 868 461 933 recenti
483 867 672 955 gladiatoris
694 867 815 933 volneri
833 867 925 932 inlitu
947 867 1135 954 sanguinem
1156 866 1295 943 claudat,

172 969 259 1053 quod
280 969 354 1033 facit
374 979 406 1035 et
428 970 549 1035 ferulae
571 970 653 1035 cinis
674 970 725 1036 vel
753 969 860 1048 carb0,
888 970 1009 1054 fungus
1030 992 1106 1034 vero
1127 968 1223 1032 etiam
1245 967 1294 1032 ei-

171 1069 300 1134 ficacius
327 1069 384 1155 qui
411 1071 585 1136 secundum
614 1070 755 1136 radicem
781 1070 850 1136 eius
877 1071 1037 1149 nescitum
1071 1071 1122 1135 84.
1150 1092 1209 1155 per
1236 1091 1294 1132 na·
1310 1086 1357 1131 rso

171 1171 217 1236 ris
242 1182 348 1238 autem
373 1171 484 1237 fluenti
510 1183 541 1236 et
566 1173 688 1238 cicutae
715 1196 822 1238 semen
844 1172 955 1237 tritum
975 1195 1016 1236 ex
1036 1193 1119 1256 aqua
1141 1171 1295 1236 inditum-

172 1295 234 1356 que
264 1273 377 1339 efficax
407 1273 564 1352 habetur,
597 1275 675 1339 item
705 1274 951 1360 stephanomelis
976 1296 1017 1338 ex
1042 1295 1142 1357 aqua3
1178 1272 1295 1339 Vetto-

173 1375 263 1440 nicae
289 1376 393 1441 farina
421 1399 438 1441 e
463 1377 545 1442 lacte
573 1376 704 1462 caprino
732 1386 808 1462 pota
837 1375 920 1441 sistit
947 1398 988 1440 ex
1013 1374 1113 1440 ubere
1146 1373 1296 1439 fluentem

173 1477 388 1563 plantagoque
410 1489 566 1544 contunsa
573 1503 582 1554 ;
606 1478 751 1543 eiusdem
773 1500 869 1542 sucus
881 1476 1085 1543 vomentibus
1108 1476 1297 1562 'sanguinem

174 1577 276 1644 datur.
313 1580 369 1644 Ad
396 1580 563 1645 erraticum
591 1590 699 1645 autem
725 1580 818 1645 radix
847 1581 1026 1666 persolutae
1054 1602 1127 1645 cum
1154 1577 1296 1665 axungia

174 1691 280 1745 vetere
301 1681 393 1746 inlita
415 1682 585 1767 probatum
616 1684 667 1748 85.
690 1682 794 1768 ruptis
822 1681 1059 1765 convolsisque,
1091 1704 1131 1745 ex
1153 1679 1217 1744 alto
1238 1679 1296 1744 de·
1311 1695 1358 1742 tat

173 1780 265 1847 iectis
292 1785 491 1849 centaurium
518 1783 638 1861 maius,
667 1783 838 1872 gentianae
866 1783 959 1848 radix
986 1783 1060 1846 trita
1087 1781 1138 1847 vel
1166 1781 1297 1845 decocta

174 1883 226 1948 vel
247 1907 344 1949 sucus
359 1883 559 1964 Vettonicae,
582 1895 614 1951 et
634 1884 695 1950 hoc
717 1886 854 1972 amplius
877 1907 896 1948 a
917 1884 1006 1950 vocis
1020 1895 1075 1949 aut
1096 1883 1205 1948 lateris
1220 1905 1296 1948 con-

175 1985 380 2063 tentionibus,
410 2009 558 2071 panaces,
589 1986 761 2065 scordium,
791 1985 994 2051 aristolochia
1015 1997 1103 2072 pota,
1132 1985 1297 2073 agaricum

173 2087 251 2151 item
272 2087 436 2152 contunsis
458 2098 490 2152 et
511 2087 632 2153 eversis
654 2099 765 2174 potum
787 2086 913 2152 duobus
936 2086 1038 2152 obolis
1060 2088 1094 2150 in
1109 2086 1204 2151 mulsi
1219 2108 1295 2171 cya-

175 2188 238 2253 this
260 2189 361 2255 tribus
383 2201 439 2255 aut
461 2190 487 2254 si
509 2189 607 2256 febris
630 2191 672 2255 sit
692 2191 726 2255 in
748 2212 831 2274 aqua
853 2191 966 2267 mulsa,
989 2189 1181 2255 verbascum
1204 2188 1297 2253 cuius

174 2289 232 2355 llos
255 2290 368 2356 similis
390 2315 468 2357 auro
491 2302 550 2371 est,
581 2290 668 2357 acori
689 2291 793 2369 radix,
822 2291 948 2356 aizoum
970 2314 1063 2356 omne
1086 2291 1143 2357 sed
1166 2290 1296 2355 maioris

175 2414 271 2458 sucus
294 2393 527 2472 efficacissime,
555 2394 633 2458 item
662 2392 826 2480 symphyti
855 2416 951 2459 sucus
981 2394 1032 2459 vel
1059 2391 1178 2458 radicis
1201 2392 1296 2457 deco-

175 2505 279 2572 ctum,
308 2496 431 2560 daucus
453 2496 569 2574 cruda,
597 2494 787 2581 erysithales
813 2495 890 2561 flore
917 2496 1021 2573 luteo,
1049 2495 1132 2561 foliis
1160 2493 1297 2572 acanthi,

176 2597 301 2675 evino,
330 2597 407 2662 item
437 2596 644 2684 chamaerops
672 2608 704 2663 et
731 2598 764 2662 in
795 2597 969 2664 sorbitione
991 2598 1051 2663 irio
1073 2598 1125 2664 vel
1146 2598 1299 2686 plantago

175 2699 323 2765 omnibus
345 2699 460 2778 modis,
480 2699 558 2765 item
581 2748 609 2765 ..
624 2748 632 2763 .
646 2747 696 2765 ...

210 2873 225 2933 ξ
239 2879 296 2924 136.
319 2873 477 2938 additumque,
493 2868 625 2926 evuco.
646 2917 677 2926 ..
695 2875 884 2939 stephanomelis,
901 2879 972 2928 codd.
985 2877 1073 2927 indicis
1085 2876 1141 2926 libri
1154 2876 1236 2941 primi.
1253 2883 1299 2923 ate-

173 2939 317 3005 phauomeii,
327 2946 371 2993 ad.
389 2942 577 3006 stephanomelie,
586 2946 620 2994 V.
633 2987 664 2994 -
674 2945 766 3007 farina
778 2961 797 3006 e,
808 2946 841 2994 V.
851 2944 946 3008 farine,
956 2963 979 2995 a.
989 2944 1088 3007 farina,
1101 2947 1124 2994 d.
1139 2986 1170 2993 ..
1183 2953 1257 3004 utero,
1266 2944 1299 2993 K.

177 3051 207 3058 -
225 3006 391 3074 plantamque,
404 3028 427 3060 a.
443 3010 566 3076 phiatam,
579 3013 634 3062 Vd.
648 3054 679 3061 ..
695 3011 839 3075 peraohatce,
852 3014 905 3063 Va.
924 3012 1010 3061 beriae
1019 3010 1161 3076 persolutae,
1175 3005 1252 3061 θΤᾶ.
1268 3051 1299 3060 ..

176 3075 240 3125 illita
249 3085 347 3140 potatur
358 3095 375 3126 a
387 3078 458 3141 aptis,
469 3097 490 3128 r.

210 3147 225 3208 §
240 3151 295 3196 1³7.
319 3154 342 3194 et
353 3162 382 3194 ee
393 3145 450 3208 aito,
463 3148 496 3197 K.
516 3188 547 3196 -
569 3155 726 3207 centauream,
738 3142 767 3207 β
787 3189 817 3196 ..
836 3148 1027 3208 οοητοηείονιίὺνε,
1043 3149 1117 3198 codd.
1131 3146 1187 3197 Gel.
1207 3185 1237 3195 ..
1252 3160 1300 3207 pa-

176 3228 235 3260 nace
245 3211 370 3275 scordium,
383 3230 406 3263 a.
423 3230 528 3276 panaces
539 3213 650 3275 cordium,
663 3216 717 3264 Vd.
737 3231 850 3277 panaces,
863 3214 979 3275 scordion,
991 3209 1040 3278 βγ.
1053 3255 1084 3263 ..
1102 3212 1225 3278 oporinum
1237 3210 1300 3273 item,

176 3280 263 3330 Dalec.
276 3296 301 3344 γ.
319 3298 335 3329 ο
352 3281 450 3331 ericum.
468 3280 536 3344 Item,
547 3277 576 3343 β.
595 3284 873 3341 Atv.1)ioscor.a,1:
898 3279 970 3347 πρὸς
980 3278 1107 3347 ρήγμοτά
1123 3296 1152 3329 τε
1169 3275 1214 3328 καὶ
1232 3276 1299 3328 πτώ-

174 3363 258 3410 ματα,
277 3297 389 3410 dddiam
405 3346 437 3397 δὲ
456 3347 531 3398 δοοῒν
548 3345 653 3414 πλῆθος
668 3345 810 3411 διδόμενον
830 3340 893 3410 μετ’
907 3344 1078 3410 οἰνομέλιτος
1094 3345 1248 3414 ἀπορέτοις.
1269 3389 1300 3397 ..

177 3431 242 3479 aqua
260 3415 343 3478 mulsa,
361 3419 415 3468 Vd.
442 3433 508 3480 aqua
524 3415 604 3475 mulae,
620 3435 643 3468 a.
663 3459 693 3468 ..
718 3426 753 3466 est
768 3417 842 3477 acori,
855 3419 909 3468 Vd.
936 3417 1046 3478 meacmi,
1062 3435 1085 3467 a.
1105 3458 1136 3466 ..
1160 3415 1261 3477 absum,
1277 3433 1300 3466 a.

177 3484 289 3546 mutuum,
306 3480 336 3547 β.
355 3526 387 3534 ..
410 3483 453 3533 sed
468 3485 574 3545 iunioris,
590 3477 699 3536 OVTd.
726 3484 781 3534 cede
796 3485 889 3547 maiori,
903 3501 925 3535 a.
952 3484 1123 3547 eedemaiori,
1135 3479 1164 3545 β.
1184 3527 1215 3534 ..
1239 3500 1300 3548 sym-

174 3549 245 3667 phyti
259 3569 334 3613 sumn,
352 3554 388 3602 ita
399 3568 447 3603 nos
459 3555 611 3618 scripsimus.
637 3552 811 3618 symphyticius,
825 3558 849 3606 d.
872 3552 1019 3619 emptitius,
1031 3555 1065 3604 V.
1117 3551 1215 3617 mpiyti,
1228 3548 1301 3616 οβγ.

169 3619 202 3682 fc
213 3619 285 3668 iorum
303 3619 428 3686 synaphyti,
440 3623 472 3671 K.
493 3663 523 3671 ..
548 3620 585 3670 cel
599 3619 699 3684 radicis,
711 3623 786 3672 Vad.
813 3620 909 3682 radin's,
925 3617 976 3686 βγ.
1004 3621 1041 3671 cel
1055 3638 1085 3670 ra
1102 3619 1204 3680 icesvel,
1217 3621 1249 3669 K.
1269 3660 1300 3669 ..

177 3685 265 3736 daucos
277 3687 360 3749 cruda,
373 3690 456 3740 VTd.
481 3689 569 3738 macae
580 3688 660 3752 crude,
673 3707 689 3740 a
705 3689 778 3753 (coll.
791 3693 911 3741 varietate
923 3691 1060 3755 scripturae
1072 3705 1098 3740 se
1116 3686 1208 3750 uenti).
1230 3686 1303 3737 dauci

177 3753 281 3816 crudum,
292 3753 316 3804 d.
334 3754 417 3805 mucis
428 3757 532 3819 nudum,
542 3756 591 3822 cp.
610 3757 699 3807 ἅαιιοοε
710 3757 815 3821 crudum,
827 3774 856 3824 φ.
875 3756 975 3807 daucum
987 3757 1090 3817 crudum,
1100 3706 1153 3820 dr.
1172 3758 1230 3806 Hoc
1242 3771 1301 3817 uno,

178 3831 301 3886 quantum
318 3825 379 3884 scio,
397 3826 455 3874 loco
473 3824 561 3874 daucus
577 3841 669 3888 genere
681 3827 803 3876 feminino
822 3828 923 3886 dicitur,
948 3834 1015 3876 certe
1034 3841 1098 3888 quae
1115 3841 1160 3888 pro
1179 3841 1210 3874 eo
1228 3824 1302 3874 affert

178 3892 292 3942 Gronov.
314 3894 389 3941 verba
409 3894 560 3944 scholiastae
576 3895 697 3944 Nicandri
714 3896 818 3944 theriac.
835 3901 884 3955 94,
902 3909 933 3943 ea
949 3909 1017 3942 nunc
1034 3893 1179 3943 Schneider.
1197 3909 1211 3942 e
1227 3895 1300 3944 codd.

178 3961 327 4008 emendavit.
349 4000 378 4007 -
397 3959 542 4024 erysithales,
555 3962 616 4011 VT.
635 3960 770 4025 rysitlralee,
783 3978 806 4011 a.
824 3959 964 4026 erysithales
975 3968 1017 4022 eat,
1029 3956 1101 4025 dds.
1121 4001 1151 4010 -
1170 3960 1269 4009 acanthi
1280 3976 1300 4021 e,

178 4027 251 4077 Tad.
270 4026 404 4088 actantiae,
417 4029 450 4078 V.
473 4027 586 4079 acanthi.-
597 4029 683 4077 lnbitur
694 4045 714 4090 e,
726 4024 776 4094 βγ.
797 4070 826 4078 -
850 4027 1003 4092 calamerops,
1017 4045 1039 4079 a.
1059 4069 1089 4078 ..
1108 4027 1234 4078 sorbitione
1246 4027 1301 4088 iric,

178 4095 246 4145 V¹d.
269 4094 406 4144 sorbitiones
418 4095 470 4156 irio,
483 4097 509 4146 V
517 4101 533 4146 ².
556 4095 684 4145 sorbitione
695 4096 762 4157 sirio,
775 4112 798 4146 a.
817 4137 848 4147 ..
867 4096 954 4146 item..
968 4133 1033 4160 ....‚
1051 4097 1087 4148 ite
1098 4113 1144 4148 nos
1157 4097 1301 4162 scripsimus

178 4164 350 4224 significantes
367 4164 489 4214 excidisse
511 4179 605 4214 nomen
626 4165 720 4214 herbae
735 4165 815 4229 ruptis
832 4164 1010 4229 convulsisque
1027 4167 1158 4217 medentis.
1180 4166 1301 4216 Necessa-

179 4232 241 4281 riam
259 4233 326 4282 hanc
341 4241 454 4282 nostram
470 4232 672 4283 emendationem
692 4233 800 4282 reddunt
815 4234 891 4283 verba
908 4235 1040 4296 sequentia
1054 4250 1068 4284 e
1080 4236 1154 4287 codd.
1167 4234 1217 4284 iam
1230 4234 1301 4284 resti·

179 4306 239 4349 tuta.
258 4300 346 4364 Vulgo
358 4295 402 4365 βγ
418 4298 477 4351 Item
490 4316 583 4354 novam
594 4301 728 4366 pen‘odum
740 4301 793 4352 sine
804 4301 858 4352 ullo
871 4315 946 4354 seusu
957 4301 1052 4368 incipit.
