2918 4800
445 292 514 339 nra.
531 291 618 338 xxv.
648 289 727 339 car.
743 291 779 338 11.
808 288 906 338 sacr.
921 292 979 336 ω.
1207 274 1268 338 107

148 441 304 519 diximus,
337 460 379 508 ex
404 440 455 509 his
484 439 657 520 Crateuas,
686 441 880 526 Dionysius,
909 439 1117 508 Metrodorus
1144 441 1268 509 ratione

147 542 357 611 blandissima
383 544 441 610 sed
466 566 531 630 qua
556 543 635 610 nihil
661 565 766 631 paene
793 542 881 608 aliud
909 565 1007 628 quam
1029 543 1201 611 difficultas
1222 543 1269 610 rei

147 645 368 732 intellegatur3
391 645 524 732 pinxere
546 668 684 730 namque
699 645 822 731 effigies
836 642 1008 710 herbarum
1022 655 1118 729 atquo
1132 644 1178 710 ita
1191 644 1270 713 sub·

149 747 306 834 scripsere
328 745 477 825 effectus3
500 768 612 813 verum
634 757 667 812 et
687 746 813 833 pictura
836 745 935 810 fallax
956 757 1007 812 est
1024 746 1184 812 coloribus
1205 757 1271 812 tam

148 848 327 914 numerosis
354 851 543 935 praesertim
569 848 604 913 in
632 847 878 914 aemulationem
898 856 1040 926 naturae,
1070 847 1271 932 multumque

149 951 325 1037 degenerat
353 948 633 1017 transcribentium
656 971 727 1015 sors
753 948 859 1024 varia;
886 958 1054 1035 praeterea
1078 970 1194 1034 parum
1221 958 1272 1012 est

150 1051 294 1140 singulas
316 1072 427 1117 earum
448 1060 571 1118 aetates
591 1050 694 1138 pingi,
716 1073 789 1116 cum
809 1050 1050 1137 quadripertitis
1064 1049 1271 1117 varietatibus

149 1153 223 1218 anni
243 1151 358 1218 faciem
379 1162 514 1218 mutent.

193 1256 223 1321 5.
253 1252 364 1336 Quare
391 1255 489 1320 ceteri
515 1273 661 1320 sermone
687 1275 741 1319 eas
768 1252 939 1332 tradidere,
967 1253 1066 1339 aliqui
1092 1276 1133 1321 ne
1162 1253 1299 1343 effigies

149 1356 278 1442 quidem
292 1355 434 1422 indicata
448 1367 481 1422 et
493 1356 589 1423 nudis
603 1355 793 1442 plerumque
806 1353 991 1420 nominibus
1002 1356 1157 1436 defuncti,
1172 1378 1272 1441 quon·

148 1459 212 1523 iam
235 1457 312 1523 satis
333 1457 503 1524 videbatur
524 1468 698 1545 potestates
720 1456 850 1540 vimque
877 1458 1097 1524 demonstrare
1118 1481 1272 1543 quaerere

149 1558 340 1625 volentibus.
375 1558 447 1626 Neo
468 1570 516 1625 est
538 1559 679 1626 difficilis
701 1559 842 1646 cognitio
849 1584 859 1637 3
887 1559 980 1625 nobis
1002 1570 1099 1639 certe,
1129 1559 1273 1646 exceptis

150 1660 321 1727 admodum
341 1662 466 1746 paucis,
495 1662 631 1750 contigit
651 1661 790 1745 reliquas
812 1661 1021 1746 contemplari
1044 1661 1177 1728 scientia
1198 1662 1272 1726 An-

150 1763 216 1828 toni
240 1759 385 1828 Castoris
412 1762 465 1827 cui
491 1785 618 1829 summa
644 1762 818 1828 auctoritas
847 1773 916 1826 erat
941 1760 976 1826 in
1004 1783 1042 1828 ea
1069 1774 1138 1829 arte
1160 1773 1274 1828 nostro

150 1885 230 1930 aevo
251 1862 384 1928 visendo
405 1862 534 1931 hortulo
553 1864 633 1943 eius,
661 1864 695 1929 in
722 1884 787 1949 quo
814 1863 982 1949 plurumas
1009 1862 1115 1931 alebat
1136 1863 1273 1929 centesi-

150 1986 237 2031 mum
263 1986 382 2029 annum
409 1966 525 2031 aetatis
553 1966 722 2044 excedens,
753 1964 876 2029 nullum
902 1964 1048 2049 corporis
1073 1964 1193 2029 malum
1216 1985 1273 2028 ex-

150 2075 259 2150 pertus
287 2087 327 2130 ac
353 2087 394 2130 ne
421 2075 522 2133 aetate
548 2067 680 2151 quidem
704 2065 859 2131 memoria
886 2075 942 2130 aut
963 2065 1075 2152 vigore
1097 2066 1273 2131 concussis.

150 2166 264 2252 Neque
284 2167 373 2233 aliud
395 2168 510 2234 mirata
523 2169 627 2258 magis
647 2167 819 2253 antiquitas
833 2166 1019 2252 reperietur.
1041 2166 1179 2233 Inventa
1192 2166 1273 2231 iam-
1289 2182 1321 2226 ro

150 2268 276 2354 pridem
296 2269 378 2334 ratio
401 2281 450 2335 est
471 2270 703 2359 praenuntians
724 2269 830 2347 horas,
858 2290 924 2332 non
944 2269 1041 2334 modo
1063 2269 1132 2334 dies
1154 2290 1192 2332 ac
1214 2290 1274 2333 no-

151 2370 212 2435 ctis
234 2370 310 2436 solis
331 2371 490 2457 lunaeque
513 2373 713 2449 defectuum3
737 2371 832 2435 durat
851 2381 958 2435 tamen
974 2370 1093 2435 tradita
1106 2369 1274 2457 persuasio

150 2469 185 2534 in
210 2492 328 2560 magna
352 2485 444 2559 parte
472 2475 558 2561 volgi
586 2473 750 2540 veneficiis
777 2483 809 2538 et
833 2473 944 2538 herbis
972 2473 1007 2538 id
1032 2471 1106 2559 cogi
1140 2494 1275 2557 eamque

150 2594 246 2638 unam
267 2574 457 2640 feminarum
478 2575 645 2641 scientiam
665 2576 860 2662 praevalere.
884 2573 981 2640 Certe
995 2574 1074 2660 quid
1089 2597 1153 2638 non
1168 2574 1274 2660 reple-

150 2686 267 2740 verunt
286 2676 405 2742 fabulis
427 2674 558 2743 Colchis
579 2675 691 2743 Media
712 2676 868 2761 aliaeque,
890 2676 925 2741 in
945 2675 1060 2762 primis
1074 2675 1164 2742 Italis
1179 2674 1275 2741 Circe

151 2823 268 2873 viderunt
278 2824 396 2889 Salmas,
408 2826 495 2887 Hard,
507 2826 611 2879 Gesner.
621 2827 758 2877 chrestum.
770 2841 795 2891 p.
806 2832 872 2884 655„
883 2825 938 2875 Ian.
950 2827 976 2875 in
989 2834 1070 2877 nuntt.
1082 2827 1159 2876 litter.
1170 2826 1274 2878 Monac.

154 2896 226 2942 lost.
238 2907 282 2942 no.
296 2897 352 2945 lot.
364 2909 390 2958 p.
403 2900 460 2945 292.
473 2903 499 2944 et
510 2894 649 2945 cheulant.
667 2893 803 2944 Ηαηάὁιιολ
818 2892 862 2942 der
877 2891 1053 2943 Rutakmde
1061 2894 1087 2957 f.
1100 2893 1124 2944 d.
1136 2892 1209 2943 altere
1220 2893 1275 2944 Mc·

151 2956 216 3007 disin
226 2975 251 3024 p.
264 2965 322 3011 244.
339 2977 393 3011 non
409 2961 510 3012 refutati
525 2962 588 3024 illis,
606 2978 672 3026 qnae
687 2965 720 3013 ad
736 2978 767 3012 ea
782 2963 941 3013 defendenda
956 2961 1031 3014 affert
1045 2963 1160 3026 Lessing.
1177 2963 1204 3012 in
1221 2962 1275 3012 col-

151 3026 273 3078 lectaneis
285 3044 304 3078 s.
317 3045 340 3077 v.
352 3026 427 3078 Euae
440 3031 472 3080 Τ.
485 3028 532 3081 XL
564 3068 570 3080 .
584 3035 641 3080 271.
655 3033 693 3080 ed.
706 3031 813 3081 Lachm.
832 3071 863 3078 -
882 3027 1015 3094 difficultas
1026 3030 1069 3088 rei,
1081 3031 1136 3081 Vd.
1159 3030 1196 3079 rei
1206 3028 1275 3093 diffl-

152 3091 318 3160 cultus,assr.
336 3139 367 3147 -
392 3097 515 3159 cabritus,
559 3099 642 3149 VTd.
667 3096 949 3160 etcolortbm,a(codd
964 3093 1096 3212 Geldssg.
1116 3139 1147 3147 -
1170 3097 1275 3145 aemula·

153 3160 244 3222 tionem
260 3156 341 3214 OVd.
369 3164 532 3229 oemuhstione,
549 3182 565 3215 a
582 3165 667 3228 (codd.
681 3163 751 3228 Gel.)
766 3161 818 3228 βγ.
841 3207 871 3215 -
900 3164 1049 3228 multamque,
1091 3166 1143 3215 Τὰ.
1170 3163 1274 3226 multam,

152 3230 199 3279 Va
214 3228 381 3348 (00116613
397 3229 447 3297 βγ.
471 3274 503 3283 .-
529 3250 589 3296 sors,
605 3235 629 3284 T
646 3232 731 3295 (codd.
745 3231 816 3293 Gal.)
836 3232 903 3295 sors,
920 3234 998 3283 Vad.
1024 3272 1056 3281 -
1082 3230 1223 3292 aetats‘s‚V.
1243 3272 1274 3281 -

152 3294 339 3362 quadripartitis,
381 3303 426 3352 ad.
444 3299 638 3366 quadrupertita,
650 3296 731 3364 Vssy.

186 3366 236 3428 §a
264 3364 421 3431 tradiderunt,
434 3372 457 3419 d.
478 3410 509 3418 ..
533 3385 569 3430 aa,
581 3370 635 3420 Vd.
663 3367 696 3430 in,
713 3385 735 3418 a.
757 3408 789 3416 ..
816 3363 933 3428 indicata,
949 3384 966 3417 a
981 3364 1068 3429 (codd.
1081 3363 1151 3427 Ga.)
1176 3361 1276 3425 indicta,

155 3424 264 3484 OVTd.
278 3475 309 3484 -
328 3432 441 3498 defuncti,
453 3437 521 3487 Vad
533 3435 620 3499 (codd.
632 3433 701 3500 Gel.)
719 3433 827 3494 conteuti,
839 3434 873 3484 K.
888 3475 915 3484 -
932 3441 1067 3498 potestates,
1080 3450 1103 3485 a.
1119 3433 1275 3496 potestas,V.

148 3503 358 3564 potestotsm,'1¹d.
372 3544 404 3554 ..
419 3502 529 3568 dffcilis
541 3503 651 3570 aequitio,
664 3497 772 3555 OVTd.
791 3499 891 3567 difficile
902 3501 1003 3568 coquito,
1015 3497 1086 3568 assr.
1101 3542 1131 3552 ..
1149 3498 1233 3561 ortulo,
1242 3501 1275 3551 V.

154 3632 184 3642 ..
202 3608 289 3643 aunum
302 3596 396 3658 oetatu,
409 3598 485 3647 Vad.
503 3596 591 3647 aetatis
602 3613 697 3659 uanam,
709 3593 760 3661 βγ.
780 3638 811 3646 -
829 3573 944 3661 marlei,
956 3597 990 3647 V.

187 3663 254 3725 510.
282 3661 375 3727 Neque,
391 3658 520 3716 OVTad.
547 3664 607 3728 Nec,
619 3661 648 3727 β.
669 3707 699 3715 ..
718 3664 854 3727 ammirato,
868 3667 892 3715 d.
912 3707 943 3715 ...
962 3663 1217 3729 defectuum,mear.
1230 3664 1275 3712 ad.

151 3724 274 3792 &fmus
285 3730 320 3780 V·
344 3772 376 3781 -
399 3733 543 3796 persuassio,
556 3735 589 3785 V.
613 3774 644 3783 -
671 3733 696 3781 iu
712 3732 991 3797 eoqaefemiaoram,K.
1015 3773 1046 3782 ..
1074 3745 1152 3789 anam,
1165 3725 1275 3780 OVTd.

151 3811 216 3856 aum,
228 3813 251 3847 a.
269 3812 332 3859 uam,
344 3802 417 3851 codd.
430 3801 487 3852 Gel.
498 3797 550 3865 βγ,
563 3803 632 3867 quod
643 3817 729 3852 verum
741 3809 815 3866 putat
825 3802 910 3852 Hand.
923 3801 1032 3851 Turssll.
1045 3804 1139 3860 4,.116.
1154 3838 1184 3847 ..
1202 3797 1276 3847 scisu-

152 3862 344 3927 raumara,
357 3865 427 3930 cer.)
449 3868 624 3932 suatava.
643 3910 674 3919 -
694 3868 842 3932 praessura,
855 3866 993 3930 aquoso.
1007 3864 1076 3929 on.)
1096 3864 1229 3931 praestat,
1241 3867 1275 3916 v.

152 3971 184 3981 ..
197 3930 352 3996 repleverant,
365 3937 439 3986 Vad.
457 3936 583 4000 replevere,
594 3932 645 4001 βγ.
664 3977 694 3987 ..
717 3935 800 3997 Colca,
812 3939 846 3988 V.
865 3978 897 3987 -
915 3934 1009 3997 Medio,
1021 3937 1076 3986 Vd.
1094 3932 1192 3996 Meda,
1204 3930 1275 3999 assr.

151 3999 189 4050 At
200 4001 247 4050 illa
258 3999 342 4051 torma
354 4003 438 4053 Plinio
450 4004 498 4054 suit
514 4005 588 4054 unice
605 4005 699 4054 usitata
710 4018 790 4067 eaque
802 4005 895 4069 ubique
907 4005 945 4052 illi
957 4018 990 4054 ex
1003 4004 1106 4068 optimis
1118 4004 1191 4053 codd.
1203 4003 1275 4054 resti·

151 4068 255 4129 tuenda,
273 4071 311 4120 uti
324 4074 347 4132 2,
361 4076 418 4121 286.
438 4073 461 4132 t,
476 4076 532 4122 126.
550 4077 592 4133 ³5,
606 4077 646 4121 26.
661 4075 716 4122 las.
732 4075 787 4122 1³7.
803 4078 867 4132 145„
884 4072 969 4122 utrix
980 4073 1147 4123 dubitandum
1159 4071 1199 4132 sit,
1214 4071 1276 4135 quin

151 4137 240 4185 eadem
256 4135 341 4187 torma
356 4153 417 4188 usus
433 4139 466 4188 sit
477 4146 500 4199 3,
515 4145 571 4189 ltl.
591 4178 622 4188 ..
645 4145 668 4187 et
679 4139 703 4188 ia
712 4138 805 4202 pumat,
817 4139 850 4189 Κ.
871 4180 901 4189 ,
924 4137 1004 4201 Italis,
1017 4141 1053 4192 ita
1063 4156 1111 4191 nos
1123 4139 1275 4203 scripsimus.

151 4198 261 4265 ltulacis,
273 4205 308 4266 V,
326 4209 370 4256 sed
386 4207 485 4269 virgula
501 4223 547 4271 per
562 4208 701 4258 secundum
717 4224 734 4256 a
750 4209 871 4258 traducta.
897 4204 1000 4272 Italicis,
1012 4211 1036 4260 d.
1062 4206 1137 4269 Itala,
1153 4202 1223 4271 asty.
1244 4244 1274 4254 ...

154 4265 228 4332 Circe,
240 4286 263 4322 a.
285 4269 387 4336 Oircae,
400 4276 424 4325 d.
446 4271 565 4335 Circaea,
579 4275 612 4324 V.
