2918 4800
185 293 207 354 4
540 306 743 355 paruarum
765 306 960 354 n1sroa1an

89 468 94 477 ‘
187 458 339 525 odoribus
363 469 486 522 tantum
508 457 662 546 gignitur,
690 457 859 542 omniaque
887 479 926 523 ea
947 455 1084 522 aviditas
1105 458 1234 524 humani
1256 460 1307 524 in-

186 560 263 650 geni
285 559 467 626 nobilitavit
488 583 602 646 rapere
623 559 814 626 festinando.

239 660 327 729 car.
352 661 380 727 I.
418 661 447 725 6.
484 659 771 726 Maturescentium
803 671 910 725 autem
941 682 1022 726 uvae
1055 660 1308 729 vehementiores
1322 680 1354 724 ro

184 763 312 852 nigrae3
334 763 407 828 ideo
429 762 539 827 vinum
561 785 601 828 ex
622 763 672 828 his
688 763 794 828 minus
809 762 1001 839 iucundum3
1024 762 1189 829 suaviores
1204 763 1306 843 albae,

184 866 334 951 quoniam
357 888 374 930 e
397 864 553 929 tralucido
575 863 701 929 facilius
723 863 878 950 accipitur
900 885 964 928 aer.
1001 863 1160 931 Recentes
1188 876 1307 931 storna-

183 967 277 1033 chum
307 978 339 1032 et
367 965 497 1052 spiritus
523 964 686 1031 inflatione
713 965 818 1029 alvom
846 965 991 1040 turbant3
1025 965 1134 1050 itaque
1162 966 1196 1032 in
1225 967 1308 1033 febri

185 1069 387 1144 damnantur,
417 1065 528 1149 utique
549 1064 704 1153 largiores
711 1088 720 1140 ;
750 1065 959 1151 gravedinem
988 1065 1072 1130 enim
1099 1067 1194 1153 capiti
1221 1091 1306 1134 mor-

183 1169 324 1254 bumque
345 1167 526 1253 lethargum
547 1166 678 1232 faciunt.
701 1165 942 1232 Innocentiores
965 1187 1048 1250 quae
1063 1166 1236 1254 decerptae
1251 1170 1308 1234 diu

182 1271 376 1358 pependere,
392 1292 457 1354 qua
471 1267 672 1335 ventilatione
688 1269 784 1333 etiam
799 1268 895 1333 utiles
909 1268 992 1332 finnt
1006 1268 1169 1334 stomacho
1183 1269 1307 1355 aegris-

183 1396 262 1459 que3
284 1395 359 1438 nam
382 1381 413 1435 et
434 1370 627 1456 refrigerant
647 1369 762 1436 leviter
784 1382 817 1435 et
838 1369 1005 1434 fastidium
1027 1370 1187 1436 auferunt.

227 1477 256 1539 7.
281 1472 374 1556 Quae
388 1473 423 1537 in
438 1472 513 1537 vino
528 1480 584 1536 aut
596 1472 630 1537 in
644 1472 731 1538 dulci
746 1472 890 1537 conditae
910 1473 998 1537 fuere
1022 1482 1118 1558 caput
1139 1483 1307 1558 temptant.
1323 1487 1352 1531 ιι

182 1575 365 1642 Proxumae
393 1597 413 1639 a
440 1573 616 1659 pensilibus
645 1573 679 1637 in
705 1573 799 1659 palea
826 1584 990 1649 servatae3
1019 1596 1093 1638 nam
1120 1596 1138 1639 e
1166 1573 1308 1640 vinaceis

185 1688 329 1744 servatae
351 1688 384 1741 et
405 1685 504 1761 caput
525 1685 559 1741 et
579 1674 719 1741 vesicam
734 1686 766 1740 et
788 1675 985 1741 stomachum
1004 1675 1166 1754 infestant,
1191 1675 1308 1742 sistunt

183 1788 290 1843 tamen
304 1778 420 1856 alvom,
441 1776 631 1863 sanguinem
646 1776 886 1843 exscreantibus
901 1776 1107 1853 utilissimae3
1130 1798 1212 1861 quae
1232 1797 1309 1841 vero

183 1880 218 1945 in
239 1889 343 1946 musto
364 1879 454 1943 fuere
475 1878 616 1965 peiorem
637 1878 703 1943 vim
724 1878 897 1944 etiamnum
918 1878 1038 1943 habent
1057 1899 1153 1962 quam
1173 1899 1255 1962 quae
1274 1877 1309 1940 in

185 1982 342 2058 vinaceis3
372 2003 450 2067 sapa
472 2002 598 2065 quoque
620 1979 743 2045 inutilis
765 1978 927 2045 stomacho
949 1978 1036 2044 facit.
1075 1975 1309 2044 Saluberrimas
1324 1992 1354 2037 ia

184 2093 300 2171 putant
321 2082 437 2149 medici
458 2083 492 2148 in
514 2081 645 2148 caelesti
666 2104 750 2166 aqua
772 2092 925 2159 servatas,
948 2080 1074 2146 etiamsi
1095 2081 1236 2146 minume
1257 2080 1309 2144 iu-

185 2186 323 2262 cundas,
348 2185 405 2250 sed
428 2186 626 2270 voluptatem
648 2207 759 2250 earum
780 2184 814 2248 in
837 2183 991 2250 stomachi
1014 2184 1126 2250 ardore
1142 2182 1255 2250 sentiri
1278 2194 1310 2247 et

183 2288 218 2352 in
240 2285 450 2351 amaritudine
471 2285 586 2350 iecoris
607 2284 753 2369 fellisque
776 2286 948 2350 vomitione
971 2297 1003 2350 et
1025 2285 1058 2349 in
1080 2285 1225 2362 choleris,
1246 2284 1309 2368 hy-

185 2387 328 2473 dropicis
351 2410 423 2452 cum
446 2386 560 2451 ardore
583 2385 723 2451 febrium
744 2387 996 2474 aegrotantibus.
1025 2386 1072 2450 At
1093 2386 1126 2449 in
1148 2385 1218 2466 ollis
1242 2407 1310 2450 ser-

186 2501 278 2555 vatae
301 2500 333 2554 ct
354 2512 390 2554 os
405 2499 437 2555 et
452 2487 651 2553 stomachum
666 2497 699 2553 et
713 2486 900 2552 aviditatem
916 2487 1055 2552 excitant
1061 2513 1070 2565 3
1094 2488 1190 2573 paulo
1205 2498 1311 2553 tamen

185 2592 350 2678 graviores
371 2590 607 2657 existumentur
627 2588 697 2654 fieri
719 2589 924 2655 vinaceorum
945 2587 1057 2653 halitu.
1085 2586 1178 2654 Uvae
1200 2588 1311 2654 florem

186 2694 220 2758 in
242 2693 324 2760 cibis
346 2693 373 2757 si
396 2693 491 2758 edere
512 2690 692 2780 gallinacei,
714 2713 795 2756 uvas
817 2713 881 2755 non
903 2689 1075 2776 attingunt.

229 2798 259 2862 8.
283 2793 455 2861 Sarmenta
468 2816 579 2859 earum
599 2794 633 2857 in
654 2791 772 2877 quibus
792 2791 874 2858 acini
893 2792 983 2857 fuere
1004 2789 1226 2879 adstringendi
1246 2790 1312 2856 vim
1326 2803 1356 2847 1³

186 2896 317 2975 habent,
340 2895 521 2962 efficaciora
543 2917 583 2960 ex
605 2894 686 2959 ollis.

230 3001 260 3063 9.
281 2997 397 3063 Nuclei
419 2997 585 3063 acinorum
605 2995 738 3060 eandem
762 2986 828 3060 vim
848 2994 1004 3081 optinent.
1033 2992 1081 3059 Hi
1104 3005 1179 3059 sunt
1201 2994 1311 3078 quiin

188 3099 262 3165 vino
291 3098 388 3183 capiti
417 3098 559 3165 dolorem
587 3097 728 3175 faciant3
763 3095 840 3161 tosti
869 3097 997 3181 tritique
1029 3095 1191 3162 stomacho
1218 3094 1312 3160 utiles

223 3276 237 3338 ξ
252 3279 291 3324 10.
309 3288 416 3335 avarum,
428 3273 462 3323 K.
476 3312 507 3323 ..
525 3271 587 3334 ideo,
599 3272 676 3323 Vad.
694 3269 798 3334 ideoque,
810 3264 861 3335 βγ.
875 3311 906 3320 ..
925 3278 949 3319 et
959 3268 1075 3331 ralacido,
1088 3271 1112 3320 d.
1130 3277 1153 3318 et
1163 3285 1176 3318 e
1188 3265 1312 3332 balact'do,

187 3343 222 3392 V.
240 3338 352 3403 erluino,
364 3358 387 3392 a.
405 3358 418 3390 e
431 3337 587 3402 translucido,
598 3335 649 3405 βγ.
666 3380 698 3389 ..
716 3346 739 3387 et
749 3338 858 3403 spiritus,
870 3339 944 3389 Brot.
962 3346 986 3387 et
1000 3337 1122 3404 spiritum,
1133 3333 1266 3399 V'l'sdss.
1280 3378 1311 3388 .-

187 3407 322 3474 a'nflatione,
333 3410 439 3460 VTad.
456 3407 654 3472 inflammatione,
667 3401 696 3457 θ.
713 3406 812 3471 inflant,
824 3402 854 3467 β.
872 3447 904 3456 ..
922 3405 1015 3470 alvum,
1031 3399 1161 3457 OVTad.
1179 3403 1312 3469 alvumque,

187 3473 217 3540 β.
243 3477 322 3528 Hard.
345 3477 465 3528 coniecit:
496 3475 616 3529 Retenta,
630 3474 774 3524 camachum
795 3473 894 3538 spiritus
913 3473 1035 3538 inflatione
1062 3472 1187 3537 alvumque
1208 3475 1311 3534 turbant,

188 3553 290 3597 secutus
301 3544 476 3596 Dioscoridem
489 3551 512 3605 5,
522 3551 549 3594 8:
568 3540 728 3608 ἐπιταράσσει
740 3537 843 3592 κοιλίαν
860 3537 905 3590 καὶ
920 3541 1105 3603 ἐμπνευματοῖ
1119 3536 1266 3605 mogalon
1284 3546 1312 3589 at

188 3623 292 3678 propter
308 3614 423 3663 codicum
439 3613 589 3676 scripturam
607 3613 683 3660 etiam
701 3612 727 3660 h.
744 3609 761 3660 l.
778 3625 888 3660 errorem
904 3609 981 3660 Plinii
998 3623 1118 3672 moseo,
1137 3622 1189 3670 quo
1207 3608 1312 3666 accedit,

189 3680 258 3746 quod
275 3697 320 3746 per
335 3680 461 3731 Harduini
479 3681 650 3730 coniecturam
665 3679 741 3727 verba
757 3677 856 3742 spiritus
873 3675 995 3740 afflatione
1013 3677 1109 3724 turbant
1124 3676 1157 3724 ad
1168 3682 1311 3737 utrumque,

190 3759 216 3801 ct
229 3749 388 3799 stomachum
405 3755 431 3797 et
444 3747 539 3808 alvum,
555 3748 683 3812 pertinent
699 3753 789 3796 contra
805 3745 955 3795 sententiam
965 3743 1131 3794 Dioscoridis.
1149 3781 1181 3792 -
1203 3739 1312 3806 providi-

189 3833 251 3874 nem,
263 3817 297 3866 V.
316 3857 347 3865 -
365 3815 458 3880 capita,
470 3815 503 3865 K
525 3856 549 3865 -
573 3813 712 3879 letbargum,
728 3806 858 3863 evron.
877 3810 1038 3876 lethargicum,
1049 3807 1100 3874 βγ.

224 3888 239 3949 ς
254 3890 292 3934 11.
315 3882 390 3944 Quae,
400 3884 455 3933 Vd.
478 3881 545 3941 Quas
556 3889 642 3941 amera,
653 3877 723 3945 εβγ.
737 3922 768 3930 ..
781 3888 825 3929 aut
835 3879 861 3928 in
873 3878 944 3941 dubi,
952 3879 1000 3929 Vd
1013 3877 1141 3940 (Murbac.
1153 3893 1193 3942 ap.
1204 3876 1312 3928 Cernat.

190 3953 225 4003 ad
235 3953 352 4002 Dioscor.
365 3957 388 4012 4,
403 3949 456 4012 11.)
474 3947 599 4011 cardrici,
611 3966 634 4000 a.
652 3957 675 3998 et
686 3947 758 4010 dulci,
769 3949 802 3999 Κ.
825 3945 896 4007 dulci,
908 3941 959 4012 βγ.
976 3947 1074 3998 Eadem
1086 3961 1137 4010 qua
1148 3946 1174 3994 h.
1186 3946 1204 3995 l.
1215 3945 1313 3995 ratione
1383 3950 1391 3957 ‘

191 4027 356 4084 opponuntur
373 4018 420 4068 sibi
433 4017 511 4066 vinum
523 4025 549 4068 ct
560 4016 627 4066 dulce
639 4023 680 4078 110,
694 4022 751 4067 lsi.
770 4056 801 4065 -
824 4012 927 4075 condita,
938 4015 994 4064 Vd.
1013 4054 1045 4064 -
1067 4030 1091 4076 a,
1107 4006 1218 4065 OVTd.
1240 4027 1277 4072 ea,
1289 4027 1312 4061 a

190 4095 252 4148 aaut,
264 4086 381 4137 Murbac.
393 4081 445 4150 βγ.
464 4127 495 4134 -
511 4084 604 4149 poleos,
616 4084 650 4134 V.
671 4125 701 4134 -
720 4082 855 4141 canona,
868 4083 941 4132 Tad.
959 4089 983 4131 ct
993 4080 1103 4140 υὶπαοοίε,
1113 4082 1148 4131 V.
1165 4080 1191 4129 ia
1203 4079 1313 4140 mamers,
1400 4133 1403 4138 .

189 4150 240 4219 βγ.
259 4195 289 4204 ..
309 4152 449 4214 etiamarmr,
461 4154 516 4203 Vd.
536 4194 566 4203 ..
585 4151 678 4201 inutiles
689 4149 816 4212 stomacho,
828 4150 883 4200 Vd.
901 4149 1020 4199 stomacho
1031 4147 1133 4208 acala,
1146 4142 1216 4212 αβγ.

224 4224 294 4288 512.
320 4219 505 4282 Sabboram
523 4236 547 4270 a.
574 4218 838 4280 Salaberimde.
861 4257 894 4267 ..
920 4215 1149 4276 ordonrmtiriet,
1165 4217 1189 4265 d.
1216 4210 1314 4263 ardores

189 4289 314 4351 ‚manea
326 4289 360 4341 V.
382 4286 482 4338 erdem
493 4287 598 4350 omae-r,
611 4305 633 4340 a
653 4327 684 4338 ..
702 4284 792 4347 scamis,
805 4302 827 4337 a
849 4283 919 4348 corir,
930 4285 964 4335 V.
987 4284 1043 4347 oro,
1055 4285 1088 4336 K.
1110 4279 1262 4345 sardana.
1282 4322 1313 4332 -
