2918 4800
420 317 490 362 aru.
506 315 607 364 xxru.
635 313 793 361 raconu.
826 314 994 361 sacam.
1243 298 1264 359 3
1297 368 1302 375 ,

144 469 221 549 ficit,
243 468 367 534 fiendas
388 479 516 554 purgat,
540 490 615 533 mox
630 478 663 532 ct
676 477 837 553 persanat,
858 464 935 531 item
952 487 1124 531 nervorum
1138 464 1265 531 dolores

145 572 266 659 frigore
294 583 383 637 ortos
409 570 725 653 contractionesque,
759 579 931 633 contunsas
959 590 1035 632 vero
1062 569 1164 655 partis
1192 588 1266 632 curn

145 675 226 752 oleo,
248 673 354 739 carnis
376 671 590 738 excrescentis
612 670 645 735 in
667 669 795 735 ossibus
810 691 884 735 eum
899 681 988 735 aceto
1007 681 1039 734 et
1059 669 1154 748 nitro,
1177 693 1265 737 scor-

145 776 277 863 pionum
303 786 337 839 et
362 796 477 839 canum
506 773 619 861 plagas
648 795 721 837 cum
748 771 827 836 oleo.
866 769 1005 837 Corticis
1035 793 1094 856 per
1122 795 1157 837 se
1185 773 1267 837 cinis

146 875 311 942 conbustis
333 874 416 962 pilos
438 873 554 939 reddit.

187 981 219 1044 4.
249 974 465 1064 Omphacium
486 997 552 1059 qua
571 975 665 1040 fieret
692 973 813 1040 ratione
836 972 1022 1060 incipientis
1043 994 1127 1038 uvae
1148 974 1296 1060 puber-r

146 1092 221 1159 tate,
244 1079 277 1144 in
298 1088 536 1164 unguentorum
557 1077 626 1141 loeo
648 1076 831 1152 docuimus3
853 1097 938 1140 nunc
952 1075 995 1139 ad
1017 1075 1207 1140 medicinam
1228 1076 1269 1142 de

147 1204 186 1248 eo
214 1178 408 1269 pertinentia
437 1177 660 1244 indicabimus.
703 1175 805 1242 Sanat
831 1198 870 1242 ea
897 1197 979 1261 quae
1005 1178 1039 1241 in
1066 1200 1177 1243 umore
1207 1178 1270 1244 sint

146 1284 264 1361 ulcera,
292 1296 329 1347 ut
356 1281 431 1359 oris,
460 1279 673 1358 tonsillarum,
701 1279 906 1367 genitalium
941 1278 1106 1344 oculorum
1133 1278 1270 1345 claritati

146 1384 330 1473 plurumum
351 1383 486 1460 confert,
513 1381 682 1447 scabritiae
709 1404 864 1469 genarum
886 1379 1112 1465 ulceribusque
1135 1382 1269 1468 angulo·

146 1510 228 1564 rum,
248 1485 427 1562 nubeculis,
453 1483 615 1549 ulceribus
643 1504 843 1567 quacumque
872 1482 906 1546 in
934 1493 1026 1569 parte
1054 1483 1270 1561 manantibus,

148 1587 348 1653 cicatricibus
375 1585 540 1663 marcidis,
568 1584 699 1650 auribus
725 1586 897 1671 purulente
924 1584 1055 1649 limosis.
1101 1582 1272 1672 Mitigatur

147 1687 348 1753 vehementia
375 1688 443 1753 eius
470 1687 563 1752 melle
592 1699 649 1751 aut
675 1709 782 1773 passo.
824 1686 964 1752 Prodest
993 1698 1025 1752 et
1054 1686 1271 1771 dysintericis,

148 1789 338 1878 sanguinem
361 1789 614 1868 exscreantibus,
637 1789 773 1877 anginis.

190 1892 220 1956 5.
248 1889 429 1977 Omphaeio
451 1891 600 1957 cohaeret
620 1891 781 1957 oenanthe
807 1912 904 1975 quam
930 1890 1013 1955 vites
1035 1891 1199 1956 silvestres
1222 1891 1301 1955 fe-⁸

147 2005 232 2072 runt,
255 1994 341 2059 dieta
362 1994 455 2059 nobis
476 1994 510 2058 in
531 1993 689 2081 unguenti
704 1993 835 2058 ratione.
862 1991 1102 2056 [laudatissima
1116 1992 1150 2055 in
1166 1990 1273 2075 Syria,

147 2116 298 2159 maxume
327 2095 413 2160 circa
435 2094 628 2159 Antiochiae
656 2106 689 2158 et
711 2094 898 2163 Laodiceae
926 2092 1044 2157 montis
1072 2102 1104 2157 et
1132 2115 1172 2156 ex
1200 2090 1274 2157 alba

147 2197 229 2273 vite3
259 2196 438 2282 refrigerat,
462 2194 644 2281 adstringit,
671 2194 854 2260 volneribus
875 2194 1085 2283 inspergitur,
1113 2193 1273 2260 stomacho

147 2299 301 2376 inlinitur,
324 2297 412 2363 utilis
426 2298 548 2375 urinae,
571 2297 712 2375 iocineri,
730 2296 844 2383 eapitis
860 2296 1035 2376 doloribus,
1056 2295 1271 2382 dysintericis,

148 2400 312 2478 coeliacis,
346 2398 530 2478 cholericis,
564 2409 678 2465 contra
710 2399 840 2464 fastidia
869 2400 962 2465 obolo
997 2422 1037 2464 ex
1065 2410 1157 2464 aceto
1186 2409 1273 2484 pota.

149 2496 259 2565 Siccat
274 2501 432 2566 manantis
448 2502 563 2588 capitis
585 2500 782 2587 eruptiones,
807 2501 1028 2566 efficacissima
1042 2501 1083 2564 ad
1098 2500 1177 2565 vitia
1192 2520 1274 2584 quae

149 2601 212 2665 sint
238 2602 271 2666 in
297 2602 430 2681 umidis,
458 2603 530 2669 ideo
557 2614 589 2668 et
616 2603 684 2668 oris
710 2602 873 2668 ulceribus
901 2614 933 2668 et
961 2602 1110 2668 verendis
1136 2624 1176 2667 ac
1203 2601 1273 2667 sedi

148 2723 221 2766 cum
242 2703 336 2769 melle
358 2713 390 2769 et
411 2726 513 2770 croco.
536 2699 656 2769 Alvom
677 2703 772 2782 sistit,
794 2726 950 2792 genarum
966 2702 1148 2770 scabritiem
1163 2716 1301 2768 emen-⁹

150 2802 206 2867 dat
227 2805 455 2889 oculorumque
477 2804 722 2885 lacrimationes,
750 2827 791 2871 ex
812 2806 886 2871 vino
909 2804 1064 2871 stomachi
1086 2804 1272 2870 dissolutio-

149 2927 232 2983 nem,
256 2929 297 2971 ex
319 2929 401 2992 aqua
421 2907 540 2993 frigida
553 2918 629 2994 pota
644 2907 811 2995 sanguinis
826 2908 1072 2974 exscreationes.
1096 2905 1188 2974 Ciuis
1203 2906 1272 2972 eius

149 3005 191 3070 ad
212 3009 345 3093 collyria
366 3021 398 3074 et
418 3009 461 3073 ad
482 3011 590 3075 ulcera
611 3011 782 3097 purganda
803 3022 835 3076 ct
856 3010 1053 3096 paronychia
1074 3020 1107 3075 et
1121 3008 1273 3095 pterygia

149 3108 319 3194 probatum
342 3112 443 3175 uritur
463 3111 497 3176 in
519 3112 625 3190 furno,
648 3112 751 3178 donec
765 3112 859 3199 panis
873 3112 1090 3199 percoquitur.
1113 3110 1272 3175 Messenis

183 3282 199 3346 ξ
212 3285 235 3331 7.
257 3282 399 3347 Omsacriem,
410 3286 444 3334 V.
467 3286 586 3336 Ceterum
602 3301 626 3334 r.
638 3286 756 3335 Dioscor.
771 3292 793 3343 5,
806 3293 830 3335 6.
848 3326 879 3334 ..
903 3282 1022 3333 docuimus
1039 3291 1079 3345 la,
1093 3290 1149 3333 180.
1164 3288 1220 3332 1³1.
1239 3325 1270 3332 -

150 3345 225 3409 daeo,
241 3353 287 3401 ad.
314 3350 364 3411 dee,
376 3353 411 3402 V.
430 3393 461 3401 ..
485 3352 586 3413 humore,
602 3345 712 3402 Ovud.
739 3354 891 3413 numerent
917 3354 1073 3410 uumera‚a².
1100 3348 1203 3410 humido,
1220 3346 1271 3414 βγ.

150 3415 259 3480 humidis,
271 3420 359 3470 Delec.
374 3459 403 3468 -
422 3419 478 3480 siat,
495 3414 573 3468 oua.
591 3426 652 3479 sunt,
665 3414 767 3482 Τᾱβγ.
786 3459 814 3467 ..
835 3417 993 3479 torsellarum,
1005 3420 1039 3468 V.
1053 3459 1083 3468 ..
1119 3433 1272 3480 uamcuaque,

149 3483 204 3535 Va.
222 3527 254 3536 -
278 3487 384 3544 auritus,
401 3488 480 3538 Hasd.
493 3502 527 3537 ex
537 3487 653 3537 Dioscor.
673 3482 921 3603 ὧταπυορὸοῦντα.
945 3486 1041 3549 essibus,
1054 3435 1145 3550 adsim
1172 3484 1272 3546 essibus,

150 3552 184 3601 V.
202 3593 233 3603 ..
255 3553 388 3618 purulentis
400 3562 423 3603 et
434 3554 529 3615 limosis,
542 3557 574 3606 K.
594 3596 625 3604 ..
643 3553 784 3619 Mitiyatur,
827 3556 909 3607 VTd.
933 3555 1070 3621 Fatiqatur,
1083 3571 1105 3605 a.
1130 3552 1270 3619 Phauqitur,

149 3613 179 3680 β.
197 3660 229 3670 -
248 3629 279 3683 et,
291 3637 342 3673 om.
354 3639 377 3673 a
397 3664 428 3672 ..
446 3621 548 3687 arpinis,
560 3625 615 3674 Vd.
633 3621 798 3689 sanguinius.
812 3625 870 3677 Om.
883 3640 903 3674 r.

184 3720 236 3784 58.
262 3729 349 3784 serunt,
360 3724 394 3773 V.
418 3722 538 3774 Ceterum
554 3741 577 3774 v.
595 3725 711 3776 Diescer.
730 3732 753 3784 ⁵,
767 3730 789 3774 b.
810 3765 841 3775 -
868 3723 932 3775 dicte
950 3731 989 3784 12,
1004 3730 1059 3775 1³2.
1079 3760 1108 3774 ..
1132 3723 1205 3783 nebia
1216 3723 1270 3774 Va.

150 3802 168 3835 a
183 3788 256 3848 nobis,
273 3785 346 3854 ᾱβγ.
367 3831 393 3840 -
422 3789 559 3853 Laodiciae,
571 3792 606 3842 V.
630 3835 661 3842 -
689 3801 783 3842 montes.
805 3791 841 3842 Et
855 3810 884 3841 ea
900 3792 958 3841 alba
973 3793 1019 3840 vite
1034 3790 1171 3856 refrigerat,
1188 3793 1219 3842 K.
1239 3830 1271 3842 ..

150 3855 277 3915 stomacho,
290 3873 313 3907 a.
340 3858 567 3919 iestomecho,Vd.
587 3900 618 3910 ..
641 3860 745 3921 iocineri,
757 3877 779 3910 a.
806 3860 923 3920 iocineris,
936 3855 1015 3911 OVd.
1036 3899 1065 3908 ..
1089 3857 1214 3917 doloribus,
1227 3862 1271 3910 ad.

151 3919 246 3985 deleres,
263 3917 291 3973 θ.
310 3922 394 3984 dolori,
403 3926 437 3976 V.
451 3968 482 3977 ..
500 3926 617 3988 coeliacis,
630 3925 757 3989 cholericis,
770 3928 803 3978 V.
817 3928 904 3980 omitt,
919 3929 1000 3991 adrr.
1020 3968 1051 3978 ..
1069 3927 1124 3988 siut
1136 3928 1192 3978 Vd.
1209 3935 1272 3988 sunt,

152 3985 223 4056 asty.
243 4032 274 4042 ..
293 3989 354 4056 ideo,
369 3985 468 4045 OVad.
487 3993 591 4058 ideoque,
603 3992 632 4057 β.
652 4037 683 4045 ..
701 3993 763 4057 sede,
775 3996 831 4045 Vd.

187 4092 238 4156 59.
255 4094 440 4157 penarumVa.
456 4095 637 4158 persuasumst.
652 4135 683 4144 ..
701 4095 842 4156 scabritiem,
854 4111 874 4144 r.
891 4094 1000 4158 scabiem,
1010 4091 1130 4159 Vadssr.
1148 4136 1169 4145 -
1193 4103 1272 4159 petae,

151 4160 209 4211 Vd.
227 4200 258 4210 -
278 4160 445 4222 excreationes,
459 4158 590 4212 evron.
608 4162 796 4222 excecationem,
808 4158 837 4224 β.
857 4204 888 4211 -
904 4162 1033 4227 perpende
1044 4172 1073 4223 et,
1086 4166 1118 4213 V.
1135 4161 1273 4226 puryanda,

151 4229 198 4278 ad.
218 4268 250 4277 ..
268 4236 290 4277 et
302 4228 511 4294 pterygia,Vad.
533 4229 654 4308 pterygia,
669 4224 698 4290 β.
718 4270 748 4278 -
767 4230 852 4292 serae,
866 4229 898 4279 V.
919 4271 949 4280 -
969 4231 1128 4295 persequitur,
1141 4234 1165 4280 d.
1190 4246 1272 4293 perce-

152 4303 249 4359 quatur,
260 4293 360 4360 Vafir.
381 4334 412 4345 ..
430 4295 557 4359 Messalas,
568 4299 624 4348 Vd.
1052 4363 1069 4395 ι
