2918 4800
445 316 515 364 urs.
530 316 617 363 xxv.
646 314 725 362 car.
741 316 775 362 v.
803 274 903 362 sacr.
918 313 950 358 21.
964 313 995 358 ss
1217 297 1276 361 121

157 477 362 551 scentemque
383 487 444 532 acu
465 466 499 530 in
513 465 746 555 longitudinem
760 465 936 544 findebant,
959 465 1034 531 dein
1048 465 1102 529 fils
1116 465 1150 528 in
1164 464 1278 530 umbra

158 566 332 647 siccabant,
361 565 410 631 his
440 577 567 632 utentes
574 592 583 643 3
612 589 697 632 nunc
719 566 859 632 ramulos
880 566 969 652 ipsos
991 567 1031 632 ab
1053 567 1160 632 radice
1182 588 1278 652 quam

157 668 339 756 gravissimi
361 668 488 735 corticis
509 669 555 733 ita
576 668 662 733 dant.
691 665 869 753 Optumum
891 668 977 753 quod
999 690 1072 734 acre
1093 679 1192 756 gustu
1213 668 1277 733 ier-

158 792 301 854 vensqne
331 770 365 834 in
391 770 570 857 frangendo
596 770 761 855 pulverem
790 769 916 835 emittit.
959 768 1087 835 Durare
1115 769 1180 834 vim
1206 792 1279 833 xxx

158 872 250 937 annis
271 870 389 937 ferunt.

201 975 251 1038 22.
273 971 411 1061 Nigrum
433 972 579 1039 medetur
598 970 794 1058 paralyticis,
816 972 1060 1051 insanientibus,
1083 971 1278 1057 hydropicis,
1294 988 1325 1033 ss

158 1074 236 1139 dum
264 1074 345 1140 citra
369 1073 498 1152 febrim,
534 1073 689 1160 podagris
718 1072 895 1152 veteribus,
930 1073 1121 1139 articulariis
1149 1071 1279 1150 morbis,

160 1175 257 1241 trahit
277 1199 318 1242 ex
339 1175 411 1241 alvo
430 1175 537 1254 bilem,
558 1175 706 1261 pituitam
728 1197 769 1240 ex
791 1197 874 1259 aqua
895 1175 989 1240 datur
1009 1175 1051 1240 ad
1069 1175 1185 1240 leniter
1197 1173 1279 1238 mol-

158 1277 297 1343 liendam
322 1277 444 1357 alvom,
473 1277 659 1363 plurumum
688 1276 841 1343 drachma
867 1299 947 1356 una,
977 1277 1102 1343 modice
1130 1286 1280 1360 quattuor

160 1380 278 1457 obolis3
301 1378 457 1445 miscuere
479 1379 579 1463 aliqui
601 1389 633 1444 et
655 1379 886 1444 scammoniam
908 1379 966 1446 sed
988 1379 1087 1445 tutius
1108 1379 1216 1444 salem.
1239 1375 1278 1442 In

159 1479 307 1546 dulcibus
328 1481 440 1545 datum
461 1480 622 1567 copiosius
644 1481 821 1566 periculum
848 1481 952 1560 infert,
980 1482 1146 1549 oculorum
1167 1478 1278 1567 caligi-

158 1605 233 1648 nem
253 1582 321 1649 fotu
342 1583 491 1662 discutit3
514 1582 555 1650 ob
577 1582 611 1646 id
632 1581 763 1667 quidam
784 1593 816 1647 et
838 1583 996 1649 inunxere
1011 1583 1095 1650 trito.
1118 1580 1278 1660 Strumae,
1294 1598 1325 1642 55

161 1693 345 1770 suppurata,
373 1683 508 1749 duritias
535 1684 703 1768 concoquit
732 1693 764 1749 et
783 1694 913 1770 purgat,
941 1684 1019 1750 item
1040 1685 1163 1750 listulas
1186 1682 1280 1748 tertio

160 1782 213 1850 die
239 1794 434 1870 exemptum,
461 1807 612 1852 verrucas
640 1784 722 1850 tollit
748 1806 823 1850 cum
849 1806 982 1868 squama
1002 1785 1086 1852 aeris
1108 1795 1140 1851 et
1161 1784 1278 1851 sanda-

158 1907 244 1965 raca,
265 1885 513 1971 hydropicorum
536 1887 640 1953 ventri
661 1885 826 1972 inponitur
846 1908 919 1952 cum
940 1888 1044 1953 farina
1057 1885 1228 1952 hordeacia
1248 1895 1281 1952 ct

160 1985 243 2051 vino.
266 1985 426 2054 Peoorum
440 1997 473 2053 et
485 1987 699 2053 iumentorum
720 1987 854 2072 pituitas
876 1998 969 2052 sanat
991 1986 1118 2053 surculo
1140 2008 1199 2071 per
1220 2006 1280 2049 au-

159 2108 228 2152 rem
255 2087 386 2153 traiecto
417 2098 449 2154 ct
476 2099 605 2174 postero
632 2087 685 2153 die
712 2088 824 2153 eadem
845 2086 923 2153 hora
949 2097 1114 2172 exempto,
1139 2084 1278 2151 scabiem

159 2187 393 2274 quadripedum
414 2210 486 2255 cum
509 2200 591 2268 ture,
613 2210 688 2255 cera
708 2210 746 2253 ac
767 2187 838 2273 pice
860 2187 912 2254 vcl
933 2210 1007 2253 cum
1027 2186 1195 2272 pisselaeo.

161 2395 272 2447 habenti.
290 2395 409 2448 catarrum
419 2398 488 2448 Pint.
500 2399 575 2448 verba
586 2396 626 2446 cui
634 2403 690 2446 aute
700 2395 966 2460 omna-impstssers
981 2403 1010 2446 ut
1021 2395 1155 2447 subditicis
1166 2396 1278 2444 damnat.

162 2528 194 2537 -
216 2504 270 2537 vera
287 2487 377 2550 saum,
393 2490 468 2539 ssu.
495 2473 558 2540 aab
575 2487 640 2551 uzu,
656 2490 691 2539 v.
714 2529 745 2538 -
773 2487 938 2551 apamiae,
956 2489 1009 2539 ru.
1031 2528 1064 2537 -
1090 2486 1203 2547 asara,
1216 2486 1278 2537 vs.

161 2554 221 2603 enim
234 2554 328 2613 istac
347 2597 378 2606 ..
398 2556 519 2616 tutissime,
533 2574 582 2607 om.
596 2560 619 2607 d.
641 2597 671 2606 ..
693 2554 919 2617 disimus22,133.
939 2597 970 2604 -
988 2553 1139 2615 sesamoides,
1151 2555 1196 2603 ad.
1213 2569 1278 2603 sesa·

160 2621 244 2684 osaiae,
265 2623 296 2672 R.
327 2622 487 2684 sesamoidem,
508 2625 542 2685 V,
567 2627 611 2675 sed
630 2624 721 2674 ultima
741 2625 824 2673 littera
843 2625 944 2673 videtur
963 2639 975 2671 s
995 2622 1081 2673 fnisse.
1113 2621 1233 2673 Ceterum
1253 2636 1278 2671 v.

161 2689 292 2754 Theophr.
304 2690 364 2741 hist.
376 2692 456 2756 plant.
469 2693 517 2742 lx.
530 2698 554 2753 9,
567 2699 590 2742 2.
615 2731 646 2740 ..
668 2698 692 2739 et
707 2690 791 2753 mista,
802 2691 856 2740 Va.
873 2706 903 2739 es
919 2689 1003 2751 mista,
1016 2692 1069 2740 Ru.
1094 2730 1125 2739 ..
1147 2686 1279 2750 mdisulac,

165 2748 275 2807 OVRd.
293 2753 495 2824 radiculaassr.
517 2800 549 2811 -
573 2758 783 2818 disiunctum.
807 2798 838 2808 ..
862 2757 1145 2819 sternumentum,VRa.
1162 2763 1279 2805 carnuta-

160 2832 268 2887 mentum,
281 2822 331 2888 ᾱβ.
350 2866 381 2875 -
399 2841 503 2874 somnum
515 2825 649 2887 discutiunt,
662 2826 694 2876 Κ.

195 2916 210 2977 §
223 2921 262 2967 58.
281 2917 453 2980 temissumma,
465 2919 496 2968 R.
520 2960 551 2968 -
575 2919 707 2982 boumque,
718 2919 803 2970 VRd.
817 2901 955 2982 sebri'ique,
967 2932 991 2968 a.
1003 2915 1237 2979 ..decorticamV
1245 2930 1280 2967 ex

160 2986 345 3036 emendatione.
368 3027 399 3035 ..
423 2993 447 3035 et
457 2985 526 3047 snae,
542 2978 652 3038 OVRd.
674 2985 744 3036 eham
757 2984 809 3047 hae,
822 2981 893 3050 asty.
921 2986 1035 3051 Sumpsit
1050 2987 1115 3036 hacc
1131 2986 1230 3036 Plinius
1246 3000 1281 3035 ex

161 3052 293 3117 Theopbr.
306 3054 363 3103 hist.
375 3055 456 3118 plant.
467 3054 515 3103 IX.
528 3059 551 3114 8,
564 3061 588 3104 4.
607 3094 639 3103 -
657 3060 755 3113 tautum,
766 3054 843 3103 Vad.
862 3058 919 3114 tam,
930 3055 963 3104 Β.
981 3094 1013 3103 -
1031 3051 1159 3115 radicalis
1178 3094 1210 3102 ..
1228 3069 1280 3101 cor-

162 3118 214 3180 tice,
224 3136 239 3170 a
250 3118 337 3183 (codd.
350 3118 421 3183 Gel.)
439 3120 539 3183 οοντίοἰε,
552 3122 636 3173 VRd.
654 3163 686 3172 ..
709 3119 881 3182 carnosissimo,
892 3123 940 3172 Rs
950 3119 1037 3184 (codd.
1050 3119 1120 3183 Gal.)
1139 3119 1279 3168 cassosusi-

161 3201 205 3244 mo,
217 3188 251 3238 V.
268 3188 464 3250 comosissimum,
477 3191 501 3240 d.
519 3187 699 3251 crassmsimam,
711 3204 731 3238 r.
754 3229 786 3238 ...
813 3186 937 3252 eliqehaat,
950 3191 974 3238 d.
998 3228 1030 3237 -
1058 3186 1128 3250 quod,
1140 3187 1203 3236 VR
1225 3202 1280 3249 qua,

161 3248 233 3319 (Ιβγ.
251 3271 319 3318 quae,
332 3273 355 3306 a.
373 3271 430 3319 qua,
442 3272 462 3306 r.
485 3293 517 3304 ..
540 3271 649 3320 operyas,
661 3256 696 3306 V.
716 3296 748 3306 -
766 3271 811 3303 acu
826 3254 859 3316 ia,
871 3256 918 3305 lia
933 3253 1020 3317 (codd.
1033 3255 1099 3315 ael,
1112 3256 1226 3304 Murbac.
1238 3269 1280 3317 ap.

161 3319 560 3385 Gomar.adDioscor.4‚130.)
582 3338 611 3372 ac
627 3321 683 3383 mm,
699 3322 734 3373 V.
760 3337 791 3370 ac
807 3320 872 3383 uid.
890 3319 1096 3384 forficula,Pint.
1110 3336 1143 3370 ex
1158 3319 1173 3381 §
1188 3327 1228 3371 58.
1248 3360 1279 3370 ..

153 3385 288 3452 findebant,
303 3391 419 3441 VRad²
438 3387 578 3452 (Murbac.)
600 3388 746 3453 fundebant,
763 3391 800 3439 d'.
823 3387 958 3453 fiuqebaat,
982 3390 1054 3439 codd.
1075 3387 1132 3438 (iel.
1159 3428 1191 3438 ..
1218 3385 1280 3448 deis,

161 3456 264 3506 vasa.
291 3456 382 3519 minda,
398 3453 449 3522 βγ.
477 3498 508 3507 ..
535 3456 578 3519 his,
594 3458 668 3508 Vad.
695 3456 733 3518 iis,
749 3451 827 3520 Ββγ.
855 3497 887 3505 -
919 3453 987 3517 dant,
1009 3457 1082 3506 codd.
1105 3454 1161 3506 Gel.
1189 3453 1280 3515 danus

163 3515 320 3575 OVRTad.
345 3566 377 3575 -
399 3526 541 3589 aqquR.
565 3565 596 3574 ..
618 3527 763 3590 qustumR,
787 3565 817 3573 ..
837 3522 964 3588 pulverea,
976 3526 1029 3576 Ra.
1049 3522 1222 3588 pulvere,Vd.
1249 3563 1279 3572 -

162 3588 215 3651 vim,
228 3593 313 3644 VRd.
331 3591 378 3641 vim
390 3593 447 3655 eius,
460 3588 530 3658 εβγ.

193 3676 262 3737 §54-
279 3675 349 3738 citra
362 3681 407 3728 sd,
425 3684 502 3742 cytra,
514 3677 548 3728 V.
566 3685 628 3743 eyia,
640 3678 672 3728 R.
700 3717 731 3726 ..
750 3675 923 3742 suavus.
951 3719 982 3728 ..
1006 3673 1120 3741 podayri,
1138 3675 1224 3726 VRd.
1247 3713 1279 3723 .-

160 3740 263 3803 eculeo,
279 3735 550 3809 ORTad(Mnrbac.)
576 3761 606 3794 es
622 3743 684 3807 albo,
696 3746 729 3795 V.
756 3743 834 3794 aluum
850 3740 921 3806 eqss.
949 3785 980 3795 ..
1004 3743 1113 3808 pituitas,
1131 3758 1155 3792 a.
1178 3739 1280 3806 pituitis,

160 3807 244 3857 VRd.
259 3809 411 3874 pituitasque,
422 3808 473 3877 βγ.
493 3853 523 3862 -
546 3829 576 3861 ea
587 3829 665 3876 aqua;
682 3828 729 3876 pro
745 3814 786 3863 his
798 3828 838 3863 vv.
850 3814 945 3864 habent
961 3827 1039 3875 aquas
1050 3810 1154 3860 Vde.
1173 3850 1203 3859 -
1222 3807 1280 3858 mol·

161 3872 246 3934 tiendo,
257 3877 319 3925 VR.
333 3917 363 3926 ..
382 3877 503 3942 drachma,
516 3882 569 3931 Ra.
587 3879 694 3943 dracma,
707 3880 738 3929 V.
756 3879 920 3941 drachmam,
931 3896 953 3930 a.
968 3919 999 3928 ..
1011 3893 1067 3939 susa,
1084 3871 1172 3928 OVT.
1192 3891 1280 3941 apae.

160 3938 360 4007 Omitthflr.
383 3986 414 3995 -
441 3946 617 4010 miscere,VR
641 3989 672 3998 ..
700 3946 787 4011 alique,
799 3948 833 3998 V.
857 3988 889 3996 -
915 3943 1089 4008 scammonim,
1104 3937 1172 3996 Bar.
1190 3960 1280 3995 scama·

159 4010 231 4070 nium,
242 4011 305 4062 VR.
323 4013 497 4075 scammoniam,
509 4017 533 4064 d.
550 4030 728 4076 scommaticum,
739 4011 790 4078 βγ.
811 4054 842 4064 ..
861 4013 940 4074 tutius,
952 4014 1027 4065 vsu.
1045 4020 1071 4062 ut
1082 4011 1127 4076 ius,
1139 4014 1171 4065 R.

193 4080 260 4142 §hh
279 4077 390 4129 Strumae
401 4090 525 4143 suppurat,
538 4082 627 4133 Dalec.
651 4122 683 4131 -
706 4081 782 4143 tertia
795 4081 897 4132 VRad.
922 4076 1063 4145 tectimssr.
1088 4122 1119 4131 -
1142 4087 1281 4144 exemptum,

159 4149 203 4195 ad.
222 4147 339 4209 eximium,
355 4141 444 4198 Ovlt.
465 4189 495 4197 ..
513 4165 621 4212 squama,
638 4141 778 4199 OVRKd.
795 4148 908 4212 squamis,
921 4145 992 4214 asty.
1012 4190 1043 4199 ..
1058 4156 1161 4213 postera,
1173 4148 1278 4198 VBad.

158 4222 263 4277 postera,
279 4208 307 4265 θ.
326 4256 356 4266 ..
375 4216 466 4276 scubia,
478 4217 509 4266 Β.
534 4256 564 4265 -
587 4232 650 4278 cera,
663 4218 739 4267 VRd
765 4215 892 4279 Murbac.)
909 4213 1111 4282 carcerqsssy.
1130 4259 1161 4268 ..
1180 4214 1272 4279 aspice

159 4281 261 4335 Barbas.
280 4281 429 4350 θεραπεύει
445 4277 535 4333 δὲκαὶ
553 4281 651 4349 ψώρας
665 4278 735 4346 μετὰ
769 4279 904 4347 ιβανώτου
921 4283 938 4351 ἢ
956 4285 1043 4353 κηροῦ
1059 4281 1104 4379 {ai
1122 4281 1221 4349 nisum,-
1234 4253 1280 4330 aui
