2918 4800
191 300 236 364 45
546 309 750 357 sarnatus
771 309 968 358 msroursn

191 465 243 532 vel
264 463 368 552 pridie
393 460 699 538 conmanducatam
726 463 806 528 item
830 463 919 549 apud
939 461 1157 528 Menandrum
1178 460 1315 548 syrafi-

191 582 298 633 stosae
317 565 380 630 boc
399 562 509 628 edunt
529 561 638 627 Datur
658 576 691 629 et
712 564 918 650 dysintericis
938 563 1026 629 idem
1047 563 1160 629 denari
1173 564 1317 650 pcmdere

189 669 227 734 in
247 668 340 743 vino3
361 665 472 731 ulcera
491 663 636 729 difficilia
656 665 962 730 inextremitabbus
975 665 1316 752 corporissanatcum

190 770 266 837 uiuo
292 766 574 834 subfervefactum.
616 765 791 853 Inponitur
814 767 1001 854 lippitudini
1028 790 1104 832 cum
1128 767 1259 852 polenta
1282 778 1380 833 etlso

190 871 347 940 cardiacis
372 869 408 933 in
433 891 575 932 mamma
600 868 730 933 sinisua
756 881 789 933 et
815 879 926 934 contra
953 869 1132 956 scorpionis
1158 870 1259 935 ictum
1278 869 1315 934 in

187 996 278 1040 mero
299 986 333 1038 et
352 971 396 1036 ad
416 970 543 1035 vesicae
564 970 653 1047 vitia,
674 971 791 1055 capitis
804 970 943 1049 dolores,
964 972 1129 1058 aegilopas
1141 983 1315 1056 antequam

188 1085 378 1164 suppurent,
406 1072 484 1137 item
510 1071 689 1137 tumoribus
710 1072 934 1157 exemptisque
959 1073 1083 1139 nucleis
1103 1075 1138 1138 in
1158 1075 1235 1141 vino
1255 1097 1313 1141 vc-

189 1194 259 1247 tere
284 1179 396 1242 tritum
424 1174 584 1260 eruptioni
611 1174 757 1260 pituitae.
796 1172 904 1241 Sucus
929 1175 1058 1241 feminis
1085 1177 1190 1242 alvom
1217 1178 1313 1257 sistit,

187 1284 315 1348 urinam
336 1278 417 1355 ciet3
439 1277 482 1341 ad
496 1277 682 1362 eruptiones
702 1277 893 1362 pusularum
906 1278 1106 1364 pituitaeque
1119 1301 1194 1344 cum
1208 1290 1314 1345 cerato

188 1383 335 1448 inlinitur
355 1392 389 1445 et
408 1389 520 1443 contra
538 1377 728 1465 phalangi„
750 1379 902 1465 ‹apillum
915 1379 1073 1466 denigrat.
1095 1379 1221 1446 Leuius
1235 1403 1313 1447 suco
1328 1395 1375 1443 ιε]

188 1485 295 1550 oleum
316 1493 367 1547 est
388 1503 430 1546 ex
451 1479 564 1544 eadem
584 1492 702 1564 myrto,
728 1481 833 1545 lenius
861 1492 896 1545 et
922 1482 1034 1545 vinum
1054 1504 1120 1566 quo
1139 1505 1315 1567 numquam

187 1585 401 1658 inebriantur3
422 1581 637 1647 inveteratum
658 1582 744 1646 sistit
764 1582 870 1647 alvom
891 1592 925 1647 et
945 1583 1156 1661 stomachum,
1178 1584 1316 1650 tormina

188 1696 298 1764 sanat,
327 1683 495 1749 fasddium
519 1683 632 1770 abigit.
668 1682 836 1749 Foliorum
863 1684 1022 1748 arentium
1049 1685 1153 1749 farina
1179 1686 1315 1752 sudores

188 1788 318 1856 cohibet
336 1786 484 1874 inspersa
504 1785 557 1850 vel
578 1784 614 1849 in
634 1785 728 1863 febri,
749 1786 840 1850 utilis
862 1796 894 1851 et
915 1785 1075 1863 coeliacis,
1096 1786 1314 1872 procidentiae

187 1890 366 1967 volvarum,
390 1885 478 1952 sedis
498 1885 596 1963 vitiis,
617 1885 780 1951 ulceribus
793 1885 1008 1965 manantibus,
1029 1887 1099 1973 igni
1122 1909 1212 1953 sacro
1232 1889 1312 1968 fotu,

187 1991 313 2078 capillis
333 1986 519 2066 fluentibus,
540 1986 728 2066 furfuubus,
749 1987 827 2053 item
849 1988 922 2052 aliis
943 1988 1175 2074 emptionibus,
1197 1990 1312 2056 ambu-

188 2095 256 2159 stis.
297 2091 441 2157 Additur
465 2089 498 2152 in
527 2089 760 2154 medicamenta
787 2111 871 2173 quae
896 2090 1017 2175 liparas
1051 2100 1168 2155 vocant
1198 2090 1313 2156 eadem
1326 2104 1376 2151 lta

187 2195 229 2260 de
255 2215 352 2259 causa
378 2213 443 2276 qua
471 2192 577 2256 oleum
603 2213 646 2256 ex
670 2190 723 2256 his
751 2190 1010 2256 efficacissimum
1035 2189 1077 2254 ad
1103 2213 1251 2275 eaquae
1275 2191 1312 2256 in

185 2317 298 2361 umore
319 2304 404 2371 sunt,
427 2303 591 2375 tamquam
610 2293 646 2356 in
666 2314 721 2355 ore
742 2302 775 2356 et
795 2292 900 2357 volva.
926 2291 1021 2357 Folia
1034 2292 1108 2377 ipsa
1119 2291 1232 2381 fungis
1252 2293 1311 2357 ad·

186 2405 357 2461 versantur
377 2392 454 2456 trita
474 2415 516 2456 ex
536 2391 623 2470 vino,
647 2414 721 2457 eum
743 2415 817 2457 cera
837 2414 916 2457 vero
937 2393 1131 2459 articulariis
1144 2394 1265 2459 morbis
1280 2404 1312 2460 et

186 2493 441 2569 collectiombus3
470 2493 581 2557 cadem
601 2493 636 2557 in
658 2493 733 2558 vino
760 2494 893 2560 decocta
914 2494 1116 2579 dysintericis
1137 2506 1171 2560 et
1190 2495 1310 2580 bydro-

186 2597 269 2681 picis
296 2594 388 2682 potui
414 2594 550 2672 dantur3
587 2594 749 2661 siccantur
777 2596 812 2659 in
838 2595 975 2660 farinam
1001 2618 1085 2679 quae
1111 2595 1311 2682 inspergitur

185 2695 350 2765 ulceribus
370 2707 426 2762 aut
445 2695 697 2782 baemorragise.
733 2696 881 2785 Purgant
903 2708 937 2762 et
956 2697 1139 2784 lentigines,
1160 2697 1310 2784 pterygia
1325 2709 1373 2756 rsa

186 2809 219 2864 et
238 2797 434 2885 paronychia
455 2806 488 2862 et
507 2797 718 2882 epinyctidas,
747 2798 979 2883 condylomata,
1008 2799 1109 2877 testis,
1138 2807 1239 2862 taetra
1258 2797 1309 2861 ul·

187 2921 273 2978 cera,
293 2898 371 2964 item
392 2896 540 2963 ambusta
559 2919 635 2964 cum
648 2908 765 2975 cerato.
787 2899 845 2964 Ad
858 2899 945 2964 auris
959 2899 1147 2986 purulentas
1168 2909 1202 2964 et
1223 2898 1309 2964 foliis

220 3069 383 3123 Manendum
394 3087 420 3136 p.
434 3075 490 3123 157.
508 3071 622 3122 Mciuck.
635 3075 673 3124 cd.
687 3078 710 3122 l.
723 3112 755 3121 ..
773 3069 853 3132 edant,
864 3087 888 3121 a.
905 3071 1001 3134 cedma,
1013 3073 1048 3123 V.
1065 3070 1146 3133 eduru,
1158 3073 1183 3121 d.
1196 3111 1229 3121 -
1245 3069 1309 3120 idea

186 3139 290 3201 dmorii,
306 3132 365 3190 8V.
382 3138 437 3187 item
450 3137 553 3200 marii,
565 3141 618 3191 Τὰ.
635 3138 739 3201 dmorii,
750 3134 822 3203 asty.
835 3178 867 3188 ..
885 3138 973 3200 ulcero,
984 3142 1029 3191 ad.
1048 3139 1159 3199 adcon,
1171 3139 1205 3190 V.

220 3211 302 3273 troo.
315 3206 393 3268 cam,
409 3199 654 3270 evacuata
668 3203 999 3268 -msroctadvaioae,a
1016 3204 1307 3266 mmoadvoeicaev.

185 3284 343 3327 metetoaoae
353 3273 438 3336 acam,
451 3276 475 3324 d.
494 3315 526 3323 -
545 3273 679 3335 dobras.
697 3273 853 3336 doloran.
871 3315 904 3324 -
926 3273 1124 3339 accopavc
1141 3272 1307 3338 aoeyilopor,

186 3339 256 3410 asty.
276 3384 305 3392 ..
324 3349 443 3407 mparmt,
456 3342 489 3391 V.
512 3381 538 3390 -
559 3342 723 3406 camposque,
735 3359 757 3392 a
776 3341 934 3406 eremoque,
946 3343 1002 3392 Vd.
1021 3383 1052 3392 ..
1071 3341 1195 3406 moeni,
1210 3342 1247 3391 ita
1258 3356 1306 3391 uos

185 3412 339 3476 scripsimus.
356 3408 494 3473 croptiooia
505 3410 560 3459 Vd.
579 3410 744 3473 moenibus,
757 3405 827 3472 asty.
853 3450 884 3458 -
906 3410 978 3472 scatit,
990 3427 1014 3460 a.
1031 3409 1126 3472 incolit,
1139 3410 1195 3460 vd.
1214 3449 1246 3458 -
1260 3425 1307 3472 po-

67 3551 72 3562 !
185 3477 384 3537 clancula
400 3471 599 3539 pammac.
618 3476 814 3541 ..fimav-

220 3549 235 3611 ς
249 3552 305 3596 1⁶1.
323 3543 479 3604 tabarnac,
495 3535 654 3594 OVTKac.
672 3544 810 3602 inscribar,
821 3539 872 3607 βγ.
886 3585 917 3593 -
928 3543 1023 3606 aaut
1035 3563 1058 3596 a
1077 3585 1109 3594 .-
1118 3543 1258 3609 scaccos,
1271 3544 1305 3594 v.

187 3653 218 3664 -
237 3611 997 3742 ...a
994 3619 1060 3728 c
1071 3611 1242 3676 ...a
1252 3607 1305 3676 c·

221 3746 306 3808 §iss
328 3716 443 3805 absc,
460 3715 572 3795 vrrs)
592 3743 701 3792 sarar
715 3715 812 3808 ..tar
828 3739 880 3808 βγ.
908 3786 939 3795 ..
967 3716 1146 3808 miramars,
1166 3739 1305 3797 avana

186 3813 361 3875 ωιᾱίωηιωιω,
373 3830 389 3864 s
400 3811 487 3875 (codd.
498 3811 616 3873 Barbari)
627 3808 678 3877 βγ.
696 3853 728 3861 -
746 3827 815 3875 quoe,
827 3813 911 3863 TKd.
928 3810 964 3860 od
974 3812 1044 3875 ᾳυοᾶ,
1056 3814 1090 3862 V.
1108 3813 1178 3877 qood,
1190 3830 1206 3863 a
1218 3813 1305 3877 (codd.

186 3879 304 3943 Barbari)
326 3876 376 3946 βγ.
404 3921 435 3930 -
465 3879 565 3944 liparas,
587 3882 659 3929 codd.
678 3881 791 3930 Barbari
818 3878 907 3943 lepras
926 3880 1012 3944 VTd.
1040 3879 1142 3944 leplros,
1160 3898 1183 3932 a.
1206 3884 1306 3932 Eodem

186 3965 289 4016 pronus
301 3951 378 3999 ruodo
391 3949 457 4000 dixlt
468 3948 537 3999 Plin
555 3945 659 3996 Addunt
669 3954 692 3995 ct
703 3947 729 3996 ia
739 3946 910 3996 machamata
922 3963 983 4010 quoe
993 3957 1079 3997 coeam
1089 3946 1183 4013 ἱίρσνω
1194 3956 1236 4011 8³,
1248 3954 1304 3999 105.

187 4059 219 4069 ..
229 4015 356 4079 codemque
366 4013 396 4064 de
406 4032 481 4065 maso
492 4014 574 4077 oleam,
585 4032 606 4065 r.
618 4055 649 4066 ..
661 4013 819 4077 ανίὼιιῖανίὺ,
831 4018 876 4066 ad.
887 4013 1034 4078 amaris,
1043 4018 1078 4067 V.
1090 4012 1304 4079 mocohribosfi.

186 4083 466 4136 -mawwa

219 4100 432 4217 §lobyPorictl
452 4151 486 4202 K
516 4193 545 4202 -
570 4150 713 4216 paronycio,
733 4152 778 4201 ad.
807 4149 945 4213 percussio,
965 4150 999 4201 V.
1023 4149 1192 4216 paronychia,
1213 4152 1303 4202 Dalcc.

184 4234 209 4285 γ.
233 4261 264 4270 .,
286 4216 434 4285 epinyctidm
451 4235 474 4268 a
502 4259 525 4267 -
552 4225 625 4280 uto,
641 4222 686 4269 ad.
710 4225 774 4279 tero,
790 4218 824 4268 V.
847 4256 879 4267 ..
901 4217 1036 4281 ααηοπτίε,
1052 4219 1085 4269 V.
1108 4259 1140 4268 -
1163 4227 1187 4267 ct
1202 4217 1303 4281 decocto,
1365 4250 1371 4257 ,

185 4289 223 4338 sd
235 4285 321 4350 (codd.
340 4283 412 4350 Gal.)
430 4283 531 4348 dcccco
541 4287 604 4337 VT.
629 4326 659 4336 ..
681 4294 704 4335 ct
719 4284 744 4335 in
759 4282 878 4346 antara
894 4287 940 4335 ad.
962 4293 985 4335 et
1000 4283 1119 4349 aolidae,
1133 4287 1168 4338 V.
1194 4327 1225 4338 ..
1243 4285 1302 4338 coli·
