2918 4800
161 288 225 351 tos
516 305 720 352 saranatis
744 305 939 352 nrsrouran

161 455 336 533 emolliant,
360 477 521 541 spongeae
541 469 688 522 coercent
711 456 905 541 rapiuntque
927 456 1005 522 vitia
1027 457 1178 524 ulcerum.
1210 456 1287 525 Cir-
1304 477 1349 522 ras

160 556 373 645 cnmligantur
393 569 425 621 et
446 556 632 643 hydropicis
654 557 757 624 siccae
779 559 830 622 vel
851 580 891 624 ex
914 559 1122 645 aquatepida
1135 583 1285 646 poscave,

159 668 331 744 utcumque
352 658 490 725 blandiri
512 676 594 745 opus
615 669 664 724 est
686 657 846 744 operirive
867 670 923 724 aut
945 659 1057 724 siccari
1079 672 1195 727 cutem.
1228 663 1284 726 ln-

159 772 323 844 pouuntur
345 760 448 826 ethis
469 760 589 827 morbis
610 782 692 844 quos
713 760 862 846 vaporari
884 771 1029 846 oporteat
1049 761 1186 828 ferventi
1201 785 1286 847 aqua

159 864 305 945 perfusae
328 883 565 948 expressaeque
586 860 670 926 inter
691 861 773 926 duas
796 861 940 938 tabulas;
963 861 1009 927 sic
1023 874 1056 928 et
1069 863 1104 927 in
1120 863 1283 929 stomacho

157 975 291 1052 prosunt
318 975 351 1029 et
376 964 411 1028 in
439 962 521 1027 febri
548 974 661 1028 contra
686 961 802 1027 nimios
835 963 984 1042 ardores,
1018 975 1050 1028 et
1082 964 1233 1051 splenicis
1266 987 1283 1028 e

157 1089 267 1152 posca
295 1064 427 1152 ignibus
449 1064 548 1130 sacris
571 1087 610 1129 ex
633 1074 736 1143 aceto,
765 1063 957 1130 efficaciores
980 1087 1076 1149 quam
1099 1066 1203 1143 aliud3
1231 1067 1282 1130 in-

157 1169 234 1253 poni
261 1176 386 1254 oportet
414 1166 460 1231 sic
489 1176 526 1230 ut
552 1187 647 1230 sanas
674 1187 802 1249 quoque
829 1166 931 1250 partis
958 1166 1097 1253 spatiose
1124 1166 1281 1253 operiant.

157 1268 332 1358 Sanguinis
361 1266 554 1354 profluvium
581 1266 699 1332 sistunt
726 1289 766 1331 ex
793 1277 882 1333 aceto
905 1278 961 1333 aut
987 1268 1121 1356 frigida,
1147 1268 1280 1333 livorem
1295 1284 1345 1328 ras

155 1370 196 1435 ab
218 1371 284 1436 ictu
311 1380 471 1434 recentem
498 1392 539 1433 ex
565 1390 648 1452 aqua
677 1369 761 1433 salsa
788 1369 893 1433 calida
919 1369 1047 1456 saepius
1073 1381 1197 1434 mutata
1219 1370 1279 1436 tol-

153 1469 234 1548 lunt,
259 1471 386 1537 testium
408 1480 565 1535 tumorem
587 1470 792 1553 doloremque
807 1492 848 1535 ex
862 1493 970 1555 posca.
994 1471 1050 1535 Ad
1065 1493 1181 1536 canum
1196 1494 1279 1536 mor-

154 1595 209 1638 sus
231 1573 350 1637 utiliter
364 1571 510 1638 concisae
525 1572 721 1657 inponuntur
736 1593 776 1635 ex
795 1582 886 1637 aceto
901 1583 957 1637 aut
971 1572 1091 1658 frigida
1105 1581 1161 1636 aut
1175 1573 1277 1651 melle,

154 1674 290 1740 subinde
311 1673 532 1739 umectandae.
560 1672 735 1738 Africanae
759 1672 839 1737 uinis
861 1695 934 1737 aum
957 1674 1043 1760 porri
1066 1674 1178 1739 sectivi
1201 1696 1278 1738 suco

154 1776 342 1862 sanguinem
363 1774 567 1839 reicientibus
587 1773 704 1839 haustu
727 1773 801 1839 salis
824 1796 865 1839 ex
885 1773 1006 1861 frigida
1026 1775 1169 1861 prodest,
1192 1775 1277 1839 idem
1347 1799 1352 1804 ·

151 1876 231 1943 einis
253 1900 326 1943 cum
348 1876 417 1940 oleo
439 1875 491 1941 vel
517 1897 590 1940 cum
617 1886 709 1940 aceto
738 1874 835 1940 fronti
861 1874 972 1964 inlitus
1000 1875 1153 1940 tertianas
1185 1875 1277 1940 tollit.

151 1977 309 2043 Privatim
332 1977 505 2042 Africanae
535 2000 577 2042 ex
602 1999 703 2063 posca
730 1987 887 2041 tumorem
914 1976 1108 2055 discutiunt,
1134 1978 1277 2042 omnium
1293 1992 1345 2039 rso

150 2093 257 2147 autem
279 2080 359 2144 cinis
381 2100 453 2144 cum
466 2077 538 2162 pice
553 2089 765 2143 crematarum
780 2076 972 2164 sanguinem
991 2077 1075 2143 sistit
1090 2078 1275 2156 volnerum3

149 2183 248 2267 aliqui
274 2204 362 2246 raras
390 2191 511 2245 tantum
540 2179 581 2244 ad
608 2178 669 2244 hoc
696 2201 767 2244 cum
796 2179 870 2265 pice
898 2190 1007 2245 urunt.
1043 2179 1088 2244 Et
1109 2180 1277 2246 oculorum

149 2307 246 2349 causa
268 2284 487 2348 conburuntur
512 2281 547 2345 in
575 2280 674 2346 cruda
701 2281 763 2345 olla
788 2280 914 2368 figulini
942 2282 1059 2366 operis,
1090 2282 1276 2368 plurumum

149 2384 336 2469 proficiente
364 2408 402 2450 eo
430 2384 536 2450 cinere
564 2394 673 2447 eontra
703 2382 869 2446 scabritias
896 2405 1053 2469 genarum
1087 2406 1275 2450 excrescen-

149 2486 254 2570 tisque
276 2486 381 2552 carnis
403 2495 435 2550 et
456 2484 613 2569 quidquid
636 2507 718 2571 opus
747 2484 788 2549 sit
814 2483 859 2549 ibi
881 2484 1094 2571 destringere,
1123 2485 1274 2572 spissare,

149 2587 295 2671 explere3
318 2586 429 2652 utilius
449 2585 485 2650 in
506 2609 544 2652 eo
566 2609 629 2651 usu
649 2585 758 2651 lavare
781 2584 931 2651 cinerem.
953 2585 1125 2651 Praestent
1143 2598 1175 2651 et
1197 2586 1338 2651 stri-1³1

148 2688 263 2777 gilium
284 2686 387 2753 vicem
409 2688 643 2771 linteorumque
665 2687 800 2754 adfectis
823 2687 1011 2773 corporibus
1033 2699 1066 2753 et
1087 2698 1198 2752 contra
1221 2710 1274 2752 so-

146 2790 211 2856 lem
233 2800 309 2875 apte
330 2799 504 2876 protegunt
526 2789 642 2874 capita.
682 2788 803 2854 Medici
830 2789 956 2854 inscitia
983 2787 1025 2854 ad
1052 2790 1116 2854 duo
1142 2788 1274 2854 uomina

147 2915 202 2958 eas
224 2891 391 2977 redegere:
419 2891 592 2956 Africanas
615 2912 750 2975 quarum
772 2891 896 2956 firmius
919 2891 960 2956 sit
987 2890 1097 2970 robur,
1126 2889 1272 2955 Rhodia-

180 3063 307 3128 emolliunt,
316 3067 350 3116 V.
364 3073 387 3115 et
397 3065 513 3128 molliunt,
523 3060 612 3130 Blitb.
626 3063 739 3126 molliunt,
748 3069 772 3116 d.
787 3107 816 3116 -
831 3065 959 3128 colorent,
971 3067 1005 3117 V.
1024 3107 1054 3115 -
1074 3065 1183 3127 Quum,
1194 3058 1255 3128 tio.

178 3154 193 3215 ξ
208 3157 264 3202 128.
283 3149 320 3199 vel
336 3167 373 3209 ee,
391 3145 502 3213 vasso
521 3148 662 3212 (Murbae.)
681 3148 730 3210 vel,
743 3153 767 3200 d.
787 3192 817 3200 ..
834 3167 920 3214 posca,
934 3153 956 3201 d.
977 3192 1008 3199 ..
1028 3146 1143 3208 blandiri,
1156 3151 1271 3200 Murbae.

146 3218 272 3280 blandiori,
289 3212 381 3268 vall.
404 3218 572 3280 blandioribus,
590 3214 688 3282 ψάβγ.
707 3258 738 3267 ..
763 3218 862 3280 operire,
879 3220 912 3268 V.
931 3260 963 3268 -
985 3217 1080 3277 uocari,
1093 3219 1148 3267 Vd.
1172 3216 1270 3277 siccare,

144 3280 260 3349 Ratio.
273 3328 302 3336 -
313 3294 410 3350 oportet,
420 3280 480 3350 Ωψ.
493 3328 522 3336 -
531 3287 639 3349 perfusa,
652 3287 676 3334 d.
689 3326 720 3335 -
729 3301 906 3349 expressaeque,
920 3279 951 3336 Ω.
965 3301 1146 3350 mensaque,
1158 3284 1270 3347 Vqud.

145 3397 176 3405 -
203 3355 237 3403 sie
257 3363 280 3403 et
299 3353 337 3414 in,
360 3348 502 3418 θΒΤᾱψ.
529 3354 565 3402 sic
585 3361 620 3414 et,
642 3347 704 3403 Vll.
731 3353 766 3402 sie
785 3361 809 3403 et
828 3351 1022 3418 impositaqssr.
1051 3394 1082 3403 ...
1110 3360 1133 3400 et
1151 3351 1271 3416 splenicis,

147 3416 345 3485 θἿΒΤΩφᾶ.
362 3420 406 3470 sed
415 3420 533 3485 splenicis,
545 3436 570 3485 γ.
587 3419 631 3470 sed
640 3419 779 3485 spleneticis,
791 3417 820 3483 β.

178 3508 192 3569 5
213 3510 268 3556 129.
284 3505 397 3569 fluvium,
414 3507 448 3556 V.
478 3548 508 3555 -
535 3522 601 3569 aquo
613 3503 723 3570 frigida,
741 3507 794 3555 Τά.
818 3546 849 3555 ..
873 3505 984 3564 abiecnis,
1001 3508 1031 3557 R.
1056 3546 1086 3554 ..
1110 3504 1269 3569 imponuntur,

144 3567 393 3637 Rdlldrfflurbac.)
405 3581 562 3637 exponuntur,
576 3575 609 3623 V.
624 3615 653 3622 -
666 3571 772 3635 subinde,
788 3566 1013 3636 overseer<
1022 3571 1164 3635 (Murbac.)
1176 3570 1270 3620 abunde

143 3641 248 3702 subinde,
260 3637 289 3703 β.
310 3683 340 3691 -
357 3641 434 3705 porri,
447 3641 561 3705 Vqud.
579 3640 681 3705 corpori,
694 3634 725 3690 Ω.
745 3682 776 3690 -
795 3657 846 3690 cum
857 3639 909 3690 sale
921 3649 944 3688 et
945 3639 1055 3706 frigido,
1068 3642 1100 3690 K.
1120 3681 1150 3690 ..
1170 3639 1232 3698 item,
1245 3641 1269 3688 d.
1368 3652 1370 3655 ·

145 3751 173 3759 ..
194 3725 245 3758 cum
263 3708 312 3758 oleo
328 3708 366 3757 vel
382 3725 432 3758 cum
451 3717 524 3769 aceto,
541 3710 574 3759 V.
598 3707 636 3757 vel
651 3725 700 3758 eum
719 3707 817 3757 oleovel
833 3724 884 3757 eum
896 3717 969 3769 aceto,
982 3700 1104 3771 lartio.
1122 3725 1173 3757 cum
1186 3706 1271 3755 oleoet

142 3785 216 3836 aceto,
228 3779 261 3826 K.
279 3775 317 3825 vel
327 3793 379 3826 cam
391 3776 440 3825 oleo
452 3776 489 3825 vel
500 3785 572 3836 aceto,
586 3772 658 3841 (ἱβγ.
678 3817 709 3826 ..
729 3778 835 3838 tertinas,
847 3770 939 3828 VRQ.
1022 3792 1029 3805 ¹

177 3865 191 3925 5
204 3868 258 3912 130.
273 3869 380 3924 tumores,
390 3863 423 3912 K.
435 3903 465 3911 -
476 3861 546 3923 sistit,
555 3862 641 3912 VRd.
659 3860 764 3921 resistit,
776 3861 806 3924 ψ.
824 3878 849 3911 se
860 3860 927 3920 sista,
940 3854 971 3911 Ω.
984 3902 1014 3912 ..
1028 3859 1064 3909 ad
1073 3858 1116 3910 loc
1128 3867 1226 3922 mutarn,
1237 3860 1268 3909 Τ.

143 3969 174 3978 -
186 3927 293 3993 figulini,
305 3931 338 3979 V.
358 3971 388 3979 ..
407 3945 466 3992 opus
477 3929 515 3988 sit,
529 3945 580 3979 om.
594 3922 625 3979 Ω.
645 3972 675 3979 -
695 3927 835 3994 wangas,
848 3928 878 3993 ψ.
897 3927 1054 3994 adstringere,
1064 3931 1097 3979 K.
1111 3970 1141 3978 ..
1155 3928 1268 3992 spissare,

143 3989 225 4059 ilud.
244 3997 382 4060 respnsore,
398 3990 486 4046 OVR.

175 4083 190 4144 5
205 4087 261 4130 131.
279 4088 308 4142 et,
321 4083 402 4132 omitt.
415 4076 478 4133 ΒΩ.
490 4123 522 4134 ,
535 4081 669 4146 stripiliun
682 4085 706 4132 d.
725 4080 850 4146 striglium,
860 4075 951 4133 Vati.
970 4080 1082 4146 triplum,
1095 4080 1125 4144 ψ.
1142 4080 1269 4146 strioilum,

141 4143 193 4213 βγ.
212 4189 242 4198 ..
263 4147 436 4212 linteorumque,
448 4142 569 4212 VRllfi.
588 4148 757 4212 linteolumque‚
771 4151 802 4200 Τ.
821 4148 1018 4213 linteolorumque,
1029 4145 1081 4213 βγ.
1101 4147 1270 4212 ..fricandis

141 4215 285 4279 corporibus,
296 4216 329 4265 K.
350 4257 376 4266 ..
398 4215 506 4278 mna.
523 4217 555 4278 in,
568 4211 659 4280 Vlitl.
678 4258 709 4266 ..
731 4217 828 4267 nomina
838 4210 961 4279 enallll.
978 4215 1216 4280 nominatusffqbd.
1236 4257 1268 4266 ..

142 4281 214 4347 Asu}
232 4284 258 4334 iu
275 4284 316 4334 hir
333 4286 438 4350 syllabis
455 4286 573 4336 desinunt
591 4277 650 4347 tio.
675 4326 703 4334 -
721 4285 826 4348 firmior,
842 4286 931 4341 VRd.
952 4326 981 4334 ..
1005 4283 1199 4349 Rbodiacasqus,
1212 4286 1267 4335 Vd.
