2918 4800
207 271 249 335 50
558 287 760 335 neruosus
783 288 979 335 fflsrorusn

206 461 289 523 quae
314 439 389 505 faba
412 436 538 504 Graeca
564 438 742 524 appellatur
771 463 790 504 a
818 439 946 518 nostris,
976 440 1080 505 alvom
1108 441 1196 506 bacis
1224 443 1326 520 sistit3

205 552 348 605 ramenta
368 540 448 625 ligni
472 538 602 604 decocta
616 540 650 603 in
664 541 740 606 vino
754 553 889 628 prosunt
903 541 1119 626 dysintericis,
1142 545 1327 624 menstruis,

206 642 366 730 vertigini,
390 640 601 707 comitialibus
608 669 617 720 3
642 642 792 708 cohibent
814 655 846 709 et
867 644 1028 729 capillum.
1057 644 1180 709 Mirum
1201 646 1251 711 his
1273 669 1327 710 ra-

205 745 319 810 mentis
340 743 418 808 nihil
440 765 511 808 esse
533 744 673 809 amarius
696 745 867 830 fructuque
890 744 1025 810 dulcius.
1056 745 1114 810 Fit
1135 756 1168 812 et
1190 769 1207 811 e
1231 747 1328 813 scobe

203 847 273 912 eins
295 846 565 911 medicamentum
587 867 627 909 ex
649 867 734 929 aqua
749 847 848 930 myrti
862 847 1004 924 decocta,
1027 847 1162 913 subacta
1177 859 1210 913 et
1224 848 1329 915 divisa

202 949 238 1012 in
257 948 411 1034 pastillos,
439 946 644 1031 dysintericis
670 948 876 1014 utilissimum
903 950 1044 1034 pondere
1071 950 1230 1015 victoriati
1252 972 1327 1016 cum

202 1072 306 1134 aquae
329 1048 456 1134 cyathis
479 1046 591 1112 tribus.

245 1150 308 1215 III.
336 1153 366 1215 3.
395 1147 499 1215 Glans
525 1149 637 1214 intrita
664 1150 799 1216 duritias
825 1173 906 1235 quas
936 1151 1085 1216 eacoethe
1115 1164 1232 1217 vocant
1252 1174 1355 1220 cumr

203 1252 287 1317 salsa
308 1251 450 1339 axungia
472 1261 579 1326 sanat3
608 1251 826 1319 vehementior
853 1264 903 1317 est
920 1252 1028 1339 'iligna
1056 1262 1088 1318 et
1116 1254 1150 1318 in
1177 1253 1327 1320 omnibus

203 1361 318 1418 cortex
342 1354 415 1437 ipse
441 1352 618 1436 corticique
645 1353 754 1419 tunica
782 1353 943 1430 subiecta3
973 1353 1052 1419 haec
1079 1355 1211 1421 decocta
1237 1356 1327 1421 iuvat

204 1453 368 1520 coeliacos.
389 1452 608 1538 Dysintericis
630 1465 661 1518 et
682 1455 827 1519 inlinitur
849 1456 900 1520 vel
922 1456 993 1541 ipsa
1008 1457 1117 1543 glans3
1140 1455 1252 1522 eadem
1273 1477 1326 1520 re-

205 1556 289 1621 sistit
303 1555 498 1642 serpentium
511 1554 640 1633 ictibus,
655 1555 902 1636 rheumatismis,
915 1556 1209 1644 suppurationibus.
1231 1556 1327 1622 Folia

204 1669 237 1724 et
258 1658 357 1723 bacae
380 1657 431 1723 vel
452 1669 562 1722 cortex
584 1658 635 1723 vel
657 1681 754 1724 sucus
777 1657 899 1724 decocti
920 1670 1056 1744 prosunt
1071 1670 1180 1724 eontra
1202 1658 1325 1737 toxioa;

204 1770 314 1824 cortex
335 1759 478 1824 inlinitur
500 1758 650 1824 decoctus
671 1760 753 1825 lacte
775 1762 908 1827 vaceino
931 1761 1090 1846 serpentis
1112 1762 1238 1848 plagae,
1268 1759 1326 1824 da-
1365 1762 1373 1775 “

204 1871 255 1924 tur
277 1871 308 1926 et
330 1883 370 1926 ex
392 1860 467 1926 vino
489 1861 704 1946 dysintericis.
737 1861 861 1928 Eadem
884 1874 915 1928 et
935 1863 1002 1928 ilici
1022 1863 1082 1928 vis.

244 1959 303 2027 IV.
326 1964 357 2028 4.
382 1959 524 2028 Coccum
544 1963 627 2029 ilicis
649 1964 831 2031 volneribus
853 1964 1035 2031 recentibus
1057 1985 1098 2029 ex
1119 1975 1210 2028 aceto
1231 1962 1355 2048 inpo-s

202 2064 300 2143 nitur,
323 2064 489 2150 epiphoris
504 2088 544 2130 ex
559 2089 663 2151 aqua,
673 2067 774 2132 oeulis
790 2066 934 2133 subfusis
949 2067 1106 2154 sanguine
1120 2065 1325 2138 instillatum

204 2174 253 2231 est
279 2177 388 2231 autem
413 2190 517 2255 genus
545 2191 586 2233 ex
614 2170 708 2234 eoin
729 2169 841 2235 Attica
862 2170 928 2234 fere
950 2179 984 2233 et
1006 2168 1086 2232 Asia
1114 2187 1250 2231 nascens
1272 2186 1325 2230 ce-

201 2267 328 2332 lerrime
349 2268 384 2332 in
399 2270 608 2335 vermiculum
632 2293 666 2336 se
688 2282 825 2348 mutans,
848 2270 934 2354 quod
948 2270 1021 2334 ideo
1037 2268 1195 2334 seoleeion
1210 2275 1326 2332 vocant

201 2369 446 2454 inprobantque.
478 2369 675 2456 Principalis
697 2371 766 2436 eius
788 2394 907 2457 genera
929 2371 1078 2436 diximus.

238 2575 300 2637 oleo,
314 2577 347 2626 V.
368 2618 397 2626 ..
416 2576 603 2639 commitiulibas,
615 2580 649 2627 V.
670 2621 700 2628 -
719 2595 748 2626 ea
760 2579 821 2640 sobe,
835 2580 868 2628 V.

238 2681 289 2742 §⁷-
316 2676 431 2739 eoeoetlre,
447 2681 484 2729 ita
499 2695 545 2731 nos
561 2681 713 2743 scripsimus.
739 2678 854 2741 eoeleste,
866 2682 900 2731 V.
927 2679 1012 2741 eleeto,
1030 2683 1054 2730 d.
1081 2678 1207 2741 cacoethes,
1223 2675 1275 2740 βγ.
1295 2718 1326 2726 -

204 2743 279 2806 salsa,
297 2746 320 2794 d.
339 2744 416 2809 folia,
428 2747 462 2797 V.
480 2788 512 2796 -
536 2745 691 2796 vehementior
707 2755 741 2796 est
757 2746 841 2811 iliqna,
858 2750 894 2798 ito
910 2749 1122 2812 nosseripsimus.
1149 2745 1328 2795 vehementiores

206 2810 279 2875 lipsa,
292 2814 326 2864 V.
353 2811 532 2862 vehementiores
548 2813 660 2878 lichenas,
675 2817 699 2864 d.
725 2813 950 2879 vehementioresque
966 2813 1077 2876 lichenes,
1089 2816 1122 2866 Κ.
1147 2812 1327 2865 Vehementioro

205 2879 344 2944 scottique,
358 2876 408 2943 βγ.
433 2882 590 2946 Sponsorem
602 2884 783 2943 emendationis
794 2894 895 2934 nostrae
909 2885 1032 2933 habemns
1041 2883 1217 2933 Dioscoridem
1232 2888 1255 2942 l,
1267 2885 1327 2930 lea:

207 2943 279 3007 ὠμοὶ
303 2946 334 2996 δὲ
356 2944 498 3011 (βάλανοι)
522 2947 752 2999 καταπλοοιλεῖσαι
775 2947 847 2999 λεῖαι
872 2947 1030 3015 φλεγμονὰς
1051 2949 1253 3016 παρηγοροῦσι,
1277 2944 1326 2996 σὺν

206 3011 298 3064 στέατι
315 3012 346 3064 δὲ
359 3014 474 3083 χοιρείῳ
491 3017 631 3085 ταριχηρῷ
643 3015 715 3084 πρὸς
729 3015 876 3084 κακοήθεις
890 3015 1021 3086 σκληρίιις
1036 3013 1080 3066 καὶ
1098 3014 1169 3082 πρὸς
1179 3011 1326 3082 πονηρευό-

204 3098 274 3144 μενα
287 3079 350 3150 ἕλκη
364 3081 538 3148 ἀρμόζοοσιν·
558 3083 730 3152 ἰσχυρότεραι
747 3083 778 3134 δὲ
796 3086 848 3134 τῶν
866 3082 979 3151 δροΐνιον
997 3083 1026 3134 αἱ
1041 3083 1158 3151 πρίνινοι
1170 3082 1206 3150 τῇ
1215 3079 1327 3143 δυνάμει

206 3148 283 3201 slsis.
311 3151 355 3202 Uti
375 3153 538 3203 Dioscorides
558 3156 692 3218 glandibus
712 3156 739 3204 in
759 3155 903 3205 universum
925 3156 997 3204 dictis
1017 3155 1033 3204 i.
1053 3170 1074 3204 e.
1096 3155 1198 3217 quernis
1220 3151 1328 3216 opponit

205 3222 306 3284 ilignae,
322 3221 357 3270 ita
369 3221 467 3272 Plinius
479 3237 581 3286 quoque
593 3224 717 3288 loquitur;
736 3223 885 3273 adieetivum
903 3231 988 3272 autem
1000 3221 1086 3286 iliqnus
1102 3234 1182 3286 aeque
1194 3230 1232 3269 est
1244 3218 1328 3269 Plinio

206 3290 326 3338 usitatum
339 3299 415 3354 etque
427 3289 534 3356 iliqeeas,
547 3292 572 3342 id
585 3295 653 3356 quod
666 3294 740 3342 docet
751 3293 829 3342 index
841 3290 983 3342 verborum.
998 3331 1029 3339 ..
1042 3298 1071 3352 et,
1081 3291 1115 3340 V.
1129 3289 1218 3340 Omitt.
1228 3287 1282 3337 Kd.
1295 3327 1327 3336 ..

205 3355 350 3418 corticisque,
363 3361 387 3407 d.
407 3399 437 3407 ..
456 3361 568 3420 subtecto,
580 3361 614 3410 V.
629 3402 658 3410 -
678 3360 745 3409 iuvat
755 3358 876 3421 coeliacos,
890 3361 913 3408 d.
935 3358 959 3407 in
972 3356 1060 3407 ostelia
1072 3374 1118 3418 eos,
1130 3357 1164 3406 V.
1179 3395 1209 3404 -
1229 3361 1259 3416 et,
1271 3354 1328 3403 Vd.

206 3423 285 3484 etiam,
301 3419 351 3489 βγ.
372 3466 402 3474 -
426 3425 516 3488 eadem,
529 3428 583 3477 Vd.
610 3427 744 3491 eodemque,
760 3423 812 3491 βγ.
834 3469 863 3477 -
882 3424 1111 3487 velsueusdecocti;
1128 3425 1170 3473 hie
1187 3438 1273 3473 rursus
1289 3423 1328 3470 in·

206 3492 267 3555 cipit
279 3495 335 3541 eod.
349 3508 371 3541 a.

241 3595 292 3656 58.
316 3590 394 3655 illices,
406 3594 439 3643 V.
459 3636 489 3644 ..
510 3594 765 3656 recentibusexoceto,
778 3596 854 3645 Vad.
877 3613 906 3644 es
918 3605 983 3645 aceto
995 3596 1133 3656 recentibus,
1144 3590 1174 3655 β.
1195 3633 1225 3642 ..
1247 3588 1329 3652 oculis,

206 3660 311 3709 VTad.
330 3669 352 3708 et
364 3660 444 3723 ocultis,
456 3657 507 3726 βγ.
527 3703 558 3711 -.
576 3660 722 3722 instillatum,
734 3664 809 3713 Vad.
828 3662 963 3721 instillatur,
975 3661 1026 3727 βγ.
1041 3705 1071 3713 -
1084 3671 1106 3711 et
1118 3662 1188 3722 Asia,
1199 3677 1221 3710 a.
1240 3659 1329 3721 storria,

207 3728 266 3786 Vd,
289 3729 355 3779 unde
372 3731 493 3795 suspicari
510 3731 565 3793 quis
583 3731 663 3793 possit
679 3729 816 3793 legendum
834 3747 888 3781 esse
904 3739 926 3779 et
940 3729 1146 3792 Edetaniacum
1162 3728 1329 3779 Dioscorides

209 3803 232 3854 4,
245 3801 285 3845 48.
303 3808 390 3847 narret
401 3814 506 3848 coccum
519 3807 544 3847 et
555 3798 581 3847 in
594 3798 649 3848 aliis
662 3800 741 3857 terris,
754 3814 816 3862 quas
828 3800 893 3849 inter
905 3799 1021 3850 Ciliciam
1033 3801 1116 3860 refert,
1129 3807 1155 3848 et
1166 3799 1192 3846 in
1203 3795 1330 3859 Hispania

208 3863 322 3924 inveniri,
339 3867 463 3916 Edetania
480 3881 538 3916 vero
555 3867 587 3915 sit
603 3882 661 3929 pars
677 3867 816 3930 Hispaniae
828 3869 1035 3919 Tarraconensis.
1057 3866 1228 3919 Nihilominus
1241 3863 1329 3926 vulga·
1427 3898 1431 3903 -

208 3940 260 3980 tam
278 3932 434 3984 retinendam
446 3950 545 3993 censeo,
560 3935 619 3997 quia
631 3934 795 3986 Dioscorides
807 3937 840 3996 id,
857 3939 927 4001 qnod
939 3938 965 3986 h.
978 3939 994 3986 l.
1008 3938 1105 3986 Plinius
1117 3936 1204 3987 Attico
1217 3941 1242 3981 et
1254 3932 1329 3981 Asia-

208 3999 259 4048 tico
272 4014 349 4047 coeco
364 4002 455 4063 tribuit,
469 4002 559 4053 Cilicio
572 4005 702 4067 proprium
715 4019 769 4054 esse
781 4004 863 4055 refert.
878 4047 908 4055 ..
926 4004 1083 4067 vermiculum,
1096 4022 1118 4055 s.
1137 4000 1222 4052 vermis
1233 3997 1329 4058 alama,

208 4067 292 4116 VTd.
316 4068 455 4130 Vulgatam
473 4085 527 4121 esse
543 4072 720 4136 interpolatam
739 4074 831 4122 horum
851 4076 966 4124 codicum
985 4075 1109 4138 scriptura
1126 4076 1207 4130 docet,
1227 4082 1260 4117 ex
1278 4081 1330 4129 que
1415 4132 1420 4144 „

208 4135 292 4185 Plinio
308 4137 488 4186 restituendum
506 4154 559 4189 esse
576 4155 666 4190 censeo
685 4141 708 4188 in
727 4142 811 4189 vermis·
826 4141 918 4190 acetis
935 4145 950 4191 i.
964 4159 985 4192 e.
1003 4143 1089 4203 exiles,
1108 4142 1220 4190 minutos
1237 4152 1262 4184 se
1279 4150 1330 4182 mo-

209 4212 269 4254 tans.
297 4204 457 4257 Dioscorides
478 4208 544 4257 euim
562 4209 621 4258 dicit
638 4210 706 4260 hunc
724 4224 834 4260 vermem
851 4207 974 4274 γίνεσθαι
996 4207 1100 4272 ὁμοίως
1119 4205 1212 4275 κοχλίᾳ
1231 4203 1328 4270 μικρῷ·
