2918 4800
386 313 454 358 eus.
472 315 596 360 xxvul.
626 314 704 360 cnr.
720 316 837 361 u„1v.
867 315 964 361 snos.
980 317 998 358 5.
1013 317 1031 355 e
1210 299 1271 362 263

152 465 330 551 pugnantia
351 464 566 528 interventum
589 487 715 549 quoque
737 465 858 529 mederi
879 475 1015 541 constat,
1039 466 1130 529 sicuti
1153 467 1269 551 adgra-

152 567 220 631 vari
242 568 370 631 volnera
390 566 521 630 introitu
545 589 655 631 eorum
677 567 732 650 qui
754 588 904 649 umquam
932 566 1051 631 fuerint
1074 569 1270 652 serpentium

152 668 280 733 canisve
295 667 390 731 dente
404 668 492 731 laesi.
515 667 618 731 Iidem
640 668 831 754 gallinarum
853 667 1024 743 incubitus‚
1048 689 1200 752 pecorum
1221 669 1269 732 fe·
1284 690 1316 734 aa
1348 664 1350 673 ’

152 780 205 833 tus
226 768 341 835 abortu
368 769 496 844 vitiant3
534 782 657 833 tantum
679 784 823 833 remanet
844 769 933 832 virus
955 790 995 831 ex
1018 779 1148 852 accepto
1173 771 1271 834 semel

151 870 245 946 malo,
266 880 303 933 ut
324 870 455 934 venefici
476 870 553 933 fiant
575 893 700 934 venena
721 871 817 955 passi.
840 868 995 934 Remedio
1017 879 1066 932 est
1080 868 1166 932 ablui
1180 870 1271 954 prius

151 994 266 1036 manus
295 993 403 1036 eorum
431 992 578 1054 aquaque
605 972 659 1036 illa
686 994 741 1036 eos
774 971 892 1054 quibus
925 970 1084 1035 medearis
1115 971 1270 1059 inspergi.

151 1071 278 1137 Rursus
305 1095 324 1136 a
352 1072 519 1157 scorpione
547 1074 717 1156 aliquando
746 1072 889 1157 percussi
918 1092 1093 1154 numquam
1119 1083 1230 1156 postea
1251 1095 1273 1137 a

151 1172 369 1251 crabronibus,
398 1173 506 1258 vespis
534 1174 689 1259 apibusve
718 1172 885 1237 feriuntur.
922 1171 1035 1236 Minus
1056 1172 1189 1237 miretur
1209 1173 1270 1239 hoc
1283 1200 1315 1243 33

152 1274 207 1358 qui
236 1275 316 1339 sciat
343 1285 467 1339 vestem
489 1298 508 1338 a
530 1275 622 1339 tineis
644 1298 708 1339 non
730 1275 845 1360 attingi
867 1297 949 1358 quae
972 1274 1124 1339 fueritin
1146 1274 1270 1353 funere,

152 1376 309 1460 serpentis
331 1399 429 1462 aegre
451 1387 677 1461 praeterquam
698 1377 789 1440 laeva
810 1399 907 1441 manu
928 1376 1069 1452 extrahi3
1093 1375 1153 1440 IV.
1170 1400 1187 1441 e
1202 1376 1270 1462 Py-

151 1478 303 1563 thagorae
323 1478 462 1543 inventis
483 1501 548 1542 non
571 1489 690 1544 temere
711 1479 822 1543 fallere
843 1479 1090 1562 inpositivorum
1105 1479 1270 1544 nominum

150 1580 292 1664 inparem
315 1580 471 1645 vocalium
493 1603 662 1644 numerum
685 1580 874 1645 clauditates
896 1580 1020 1645 oculive
1042 1576 1210 1645 orbitatem
1232 1604 1271 1646 ac

151 1681 261 1745 similis
284 1704 377 1746 casus
400 1681 523 1746 dextris
545 1682 716 1766 adsignare
738 1681 896 1767 partibus,
927 1705 1037 1766 parem
1058 1680 1169 1746 laevis.
1202 1682 1269 1747 Fe-

149 1791 226 1845 runt
247 1783 385 1848 difficilis
407 1795 520 1868 partus
543 1783 649 1847 statim
671 1783 768 1861 solvi,
800 1806 873 1848 cum
901 1784 972 1866 quis
1000 1793 1118 1847 tectum
1144 1783 1178 1845 in
1204 1806 1269 1867 quo

150 1884 191 1948 sit
216 1886 351 1971 gravida
379 1885 592 1950 transmiserit
619 1885 726 1971 lapide
753 1884 803 1949 vel
832 1884 945 1948 missili
975 1907 1016 1949 ex
1042 1884 1093 1948 his
1120 1885 1176 1968 qui
1210 1885 1270 1948 tria

149 1985 297 2049 animalia
319 1986 454 2074 singulis
475 1987 591 2051 ictibus
610 1987 850 2063 interfecerunt,
872 1986 1042 2063 hominem,
1066 2008 1189 2070 aprum,
1212 2009 1268 2049 ur-

149 2109 229 2151 sum.
264 2086 468 2154 Probabilius
497 2089 531 2152 id
558 2088 634 2153 facit
654 2088 745 2152 hasta
767 2087 910 2152 velitaris
933 2088 1042 2151 evolsa
1063 2087 1188 2171 corpori
1209 2087 1268 2151 ho·
1281 2114 1314 2158 34

147 2189 253 2267 minis,
277 2190 304 2254 si
327 2201 444 2255 terram
466 2213 531 2254 non
553 2189 712 2276 attigerit3
748 2190 878 2255 eosdem
906 2189 990 2254 enim
1011 2189 1110 2252 inlata
1132 2190 1267 2254 effectus

147 2287 254 2354 habet.
287 2288 345 2356 Sic
367 2304 398 2357 et
425 2294 557 2379 sagittas
581 2291 708 2375 corpori
730 2292 878 2369 eductas,
912 2291 939 2355 si
967 2302 1090 2355 terram*
1107 2314 1170 2355 non
1193 2290 1267 2354 atti-

147 2390 266 2477 gerint,
304 2394 464 2459 subiectas
502 2393 694 2459 cubantibus
727 2393 915 2457 amatorium
948 2415 1018 2457 esse
1051 2391 1204 2479 Orpheus
1237 2402 1268 2457 et

149 2492 328 2558 Archelaus
352 2496 509 2573 scribunt,
532 2497 610 2579 quin
633 2507 666 2560 et
687 2495 853 2560 comitialis
876 2495 1004 2560 morbos
1027 2496 1133 2560 sanari
1155 2495 1226 2560 cibo
1249 2516 1267 2560 e

147 2616 242 2658 carne
271 2597 356 2661 ferae
384 2599 507 2662 occisae
535 2598 646 2662 eodem
675 2599 760 2662 ferro
787 2618 851 2680 quo
878 2597 973 2662 homo
999 2597 1185 2662 interfectus
1215 2597 1267 2660 sit.

149 2694 361 2776 Quorundam
388 2709 496 2783 partes
524 2700 667 2763 medicae
696 2708 786 2777 sunt,
821 2698 916 2764 sicuti
943 2699 1083 2764 diximus
1110 2699 1149 2764 de
1170 2697 1268 2783 Pyrri

147 2797 234 2884 regis
263 2798 377 2884 pollice
384 2825 393 2878 ;
422 2810 453 2863 et
480 2799 575 2865 Elide
603 2801 725 2864 solebat
751 2800 874 2865 ostendi
897 2800 1028 2886 Pelopis
1057 2812 1145 2866 costa
1172 2822 1268 2886 quam

147 3005 577 3072 omnivisnarcpnryantiumfflint.
598 3052 627 3059 -
651 3009 727 3071 sdan,
743 3012 814 3061 R²d.
840 3011 961 3069 suci‚R¹.
987 3010 1068 3072 sicum,
1081 3012 1114 3061 V.
1135 3051 1165 3058 -
1190 3009 1215 3057 in
1232 3010 1267 3058 iu·

148 3073 227 3133 truita,
241 3076 264 3124 d.
284 3117 314 3124 -
333 3093 450 3140 nmquam,
464 3078 534 3127 Bm.
555 3094 634 3140 quom,
647 3079 723 3129 VR'.
742 3077 871 3141 -fuerit,
883 3080 928 3129 3¹.

182 3140 250 3201 §32-
268 3141 335 3205 Item,
348 3146 382 3195 V.
402 3186 432 3193 -
451 3161 481 3193 ea·
492 3153 595 3209 eccepto,
612 3139 748 3195 OVRTd.
767 3153 868 3207 excepta
880 3142 930 3208 βγ.
950 3187 980 3194 -
999 3153 1025 3192 nt
1036 3144 1139 3208 venefici,
1152 3145 1169 3192 d
1180 3141 1267 3202 (codd.

147 3208 273 3273 Barbari).
303 3220 329 3261 ut
345 3212 461 3276 convicii,
480 3215 528 3263 ut
558 3212 676 3274 venaicii,
692 3214 726 3262 V.
756 3213 868 3277 beneficii,
885 3213 931 3262 Rt
955 3255 985 3262 -
1010 3213 1079 3275 prius
1095 3209 1169 3270 ablui,
1188 3212 1212 3259 d.
1236 3252 1266 3260 ..
1313 3272 1315 3279 γ

147 3277 250 3340 erponi,
263 3281 295 3329 T.
314 3319 347 3329 ..
364 3297 388 3340 o,
401 3282 450 3330 R2.
463 3282 550 3332 Omitt.
563 3281 661 3330 VR'd.
681 3320 711 3330 ..
729 3280 845 3342 corpione,
857 3281 902 3330 R'.

181 3347 195 3408 §
208 3352 248 3395 33.
267 3347 327 3409 qud,
339 3349 402 3398 VR.
421 3389 452 3397 ...
467 3348 572 3412 fuerint,
583 3350 660 3400 VR'.
680 3388 711 3397 -
729 3345 914 3412 ePytboqoroa
926 3349 1038 3398 VRTd.
1062 3346 1226 3411 Pythagorae,
1238 3341 1267 3405 β.

148 3453 179 3461 ..
198 3413 324 3476 nominum,
342 3419 366 3466 d.
392 3414 517 3476 bominum,
534 3418 598 3468 VR.
622 3456 653 3466 ..
676 3413 818 3464 clauditates
834 3415 902 3476 enim,
918 3417 950 3466 K.
977 3415 1108 3466 Nonnulla
1124 3414 1268 3477 transponit

146 3481 223 3540 Pius,
242 3498 318 3546 quem
336 3483 430 3534 refutet
446 3485 558 3535 Gronov.
578 3525 610 3534 ..
632 3482 727 3545 oculive,
744 3477 882 3535 OVRTd.
910 3481 1062 3541 oculorumve,
1077 3477 1107 3544 β.
1127 3524 1158 3531 ..
1181 3489 1208 3529 at
1220 3497 1267 3545 po-

147 3563 203 3609 rem,
215 3551 248 3599 K
267 3591 299 3600 -
322 3567 351 3599 er
363 3550 399 3600 tis
414 3553 451 3602 ita
462 3553 654 3616 intelligendum
668 3553 839 3613 emendetur,
852 3553 936 3602 utillo
947 3553 1059 3615 lapidem
1070 3552 1112 3600 vel
1124 3551 1219 3600 missile
1229 3551 1267 3598 ie-

147 3617 236 3667 cnlans
254 3619 319 3668 inter
334 3621 453 3671 homines
465 3622 498 3671 sit
509 3622 658 3683 collocatus,
671 3621 715 3684 qui
727 3621 833 3684 siugulis
845 3622 934 3671 ictibus
946 3620 995 3670 tria
1006 3619 1126 3669 animalia
1137 3617 1268 3668 interfece-

147 3691 213 3744 runt,
226 3700 334 3748 quorum
346 3702 380 3737 cx
391 3689 475 3737 medio
488 3690 569 3739 telum
581 3705 655 3739 suum
667 3690 774 3753 proiicit.
788 3729 819 3739 ..
837 3688 1010 3751 interfecerunt,
1023 3680 1082 3738 OV.
1101 3685 1268 3749 interfecerint,

146 3748 249 3816 Rdssy.
267 3795 298 3803 ..
318 3771 406 3816 arsum,
422 3749 558 3808 OVRTd.
577 3773 666 3818 ursam,
678 3752 707 3818 β

181 3819 249 3879 ἐ34.
277 3820 356 3870 evolso
371 3823 474 3886 corpori,
491 3825 527 3874 ita
538 3840 583 3875 nos
596 3825 748 3889 scripsimus.
775 3822 991 3887 monacorporis,
1004 3824 1038 3871 V.
1065 3821 1267 3885 casaemarii,

149 3887 193 3938 R‘.
213 3888 294 3937 euulsa
306 3889 419 3952 remoris,
432 3891 479 3941 R'J.
498 3890 579 3940 evulsa
590 3908 602 3940 e
613 3892 726 3956 corporis,
738 3895 762 3942 d.
781 3891 862 3940 evulso
873 3907 885 3940 e
897 3907 1001 3955 corpore,
1012 3885 1063 3952 βγ.
1083 3931 1114 3939 ..
1133 3889 1161 3951 si,
1174 3907 1223 3939 om.
1234 3891 1267 3940 V.

149 3996 180 4004 -
199 3955 276 4017 babet,
290 3958 373 4007 VRd.
391 3957 450 4021 opit,
462 3975 481 4009 r.
501 3999 532 4009 ..
550 3959 650 4023 corpori,
663 3960 759 4010 VR¹d.
778 3975 886 4023 corpora,
897 3960 946 4009 Re
964 3974 1069 4022 corpore,
1081 3954 1132 4021 βγ.
1151 3999 1182 4007 ..
1200 3974 1268 4007 ema·

149 4031 231 4085 torum,
243 4026 276 4076 V.
297 4066 328 4074 ..
347 4024 476 4074 comitiales
487 4028 587 4089 matos,
599 4028 682 4078 VTd.
699 4025 839 4076 comitialem
850 4027 937 4088 morbo,
949 4028 973 4075 R
980 4031 996 4076 2.
1016 4025 1154 4074 comitialem
1166 4027 1270 4088 morbus,

147 4091 191 4140 Rt
210 4091 350 4142 comitialem
362 4093 474 4154 morbum,
486 4089 537 4158 βγ.
551 4134 581 4143 ..
595 4094 665 4155 α’ὸοε,
677 4096 721 4144 R¹.
736 4136 766 4144 -
779 4093 891 4154 medicae,
900 4097 947 4146 ut
966 4093 1103 4156 medicinae,
1117 4088 1267 4146 &vuffa

147 4200 178 4209 ..
202 4158 307 4210 dicimus
326 4165 348 4224 7,
367 4167 406 4214 20.
427 4203 457 4211 ..
480 4159 566 4226 Phyri,
583 4162 616 4211 V.
637 4203 667 4210 ..
692 4160 799 4223 ostendit,
817 4164 848 4212 lt.
868 4202 899 4211 ..
923 4171 1000 4224 costu3
1024 4178 1070 4226 pro
1087 4165 1113 4212 h.
1131 4179 1155 4213 v.
1172 4165 1269 4214 habeut

148 4226 252 4276 catiliani
264 4231 332 4290 VT,
350 4229 431 4279 ostilio
442 4229 469 4291 ni
479 4230 511 4291 lt,
529 4228 636 4281 ostiliuni
648 4231 672 4290 d,
690 4228 786 4278 insulsa
802 4231 875 4279 codd.
888 4231 1000 4293 Barbari,
1018 4230 1089 4281 tara
1100 4233 1122 4282 P
1134 4235 1201 4297 apud
1213 4232 1269 4281 Ian.

147 4295 261 4346 observv.
274 4299 329 4348 erit.
341 4314 367 4362 p.
380 4304 422 4350 29.
445 4295 539 4348 costiilc
549 4299 591 4349 vel
603 4296 712 4360 cumulo,
724 4298 830 4349 Barbar.
852 4297 961 4364 scopulo,
974 4299 1086 4352 Gronov.
1110 4298 1203 4362 oscilla
1215 4299 1269 4350 lan.
