2918 4800
400 319 470 366 sm.
487 319 587 366 xxv1.
618 316 696 365 cnr.
713 318 787 365 vm.
817 317 914 364 sacr.
929 318 1011 361 aar.
1199 301 1259 365 177

143 473 240 539 trahit
260 472 371 537 inlitus
393 471 443 537 vel
465 471 560 536 tritus
582 493 654 536 cum
676 469 849 554 oxymelite
871 480 902 533 et
923 469 988 533 sale
1010 469 1161 555 pellitque
1183 493 1261 534 ven-

142 577 201 641 tris
224 573 371 639 animalia
378 597 386 648 3
409 572 559 658 pituitam
582 582 613 637 et
634 572 731 638 bilem
754 569 895 637 detrahit
915 571 1095 657 peucedani
1116 572 1219 636 radix.

166 677 236 742 .35.
264 675 383 739 Alvom
403 683 546 760 purgant
566 673 764 758 anagallides
787 694 827 737 ex
849 693 933 755 aqua
953 673 1067 752 mulsa,
1096 673 1172 738 item
1194 673 1262 759 epi·
1276 690 1308 734 ss

144 777 303 862 thymum,
332 775 387 859 qui
414 786 463 839 est
489 775 588 840 ilose
616 775 727 859 thymo
755 773 915 838 satureiae
942 772 1036 838 simili
1043 798 1051 849 ;
1082 774 1264 840 differentia

142 879 229 963 quod
250 877 303 942 hio
323 874 493 943 herbacius
515 888 575 955 est,
598 877 731 942 alterius
751 875 853 960 thymi
873 876 980 951 albus;
1000 875 1131 958 quidam
1145 874 1263 960 hippo-

143 980 249 1066 pheon
271 991 405 1056 vocant3
438 978 599 1044 stomacho
626 978 733 1043 minus
759 977 848 1042 utilis
868 976 1058 1042 vomitiones
1079 988 1186 1042 movet
1208 975 1264 1041 sed

144 1083 281 1148 tormina
303 1091 334 1145 et
355 1079 535 1145 inflationes
563 1080 709 1155 discutit3
739 1079 875 1144 sumitur
897 1089 929 1143 et
951 1078 1121 1166 ecligmate
1143 1079 1185 1143 ad
1206 1100 1264 1163 pe·

144 1183 241 1248 cteris
269 1182 346 1246 vitia
374 1203 446 1245 cum
475 1182 569 1247 melle
597 1194 629 1247 et
654 1181 827 1266 aliquando
855 1179 952 1255 iride3
989 1181 1093 1244 alvom
1125 1180 1219 1245 solvit
1246 1193 1310 1245 att

143 1296 293 1368 quattuor
321 1283 480 1346 drachmis
501 1282 542 1346 ad
566 1306 622 1347 sex
650 1306 723 1353 oum
749 1281 842 1346 melle
869 1292 901 1347 et
930 1281 1048 1367 exiguo
1070 1281 1146 1346 salis
1168 1292 1266 1365 atque

144 1386 234 1450 aceti.
267 1382 411 1466 Quidam
439 1385 531 1449 aliter
557 1384 757 1469 epithymum
780 1383 916 1465 ,tradunt
942 1383 1010 1447 sine
1035 1383 1143 1448 radice
1165 1384 1265 1462 nasci,

145 1498 249 1564 tenue,
273 1486 482 1551 similitudine
504 1485 636 1572 pallioli,
660 1484 790 1562 rubens,
813 1484 923 1549 siccari
945 1484 979 1547 in
998 1484 1122 1562 umbra,
1143 1483 1211 1549 bibi
1226 1507 1267 1549 ex

146 1610 230 1671 aqua
258 1587 418 1652 acetabuli
447 1598 538 1671 parte
566 1586 708 1664 dimidia,
736 1585 903 1650 detrahere
930 1585 1080 1671 pituitam
1106 1584 1267 1669 bilemque

145 1690 215 1754 alvo
236 1689 350 1753 leniter
373 1690 485 1754 soluta.
522 1689 567 1753 Et
587 1688 768 1775 nymphaea
789 1687 823 1751 in
844 1687 918 1752 vino
941 1698 1069 1753 austero
1098 1688 1149 1752 36.
1174 1688 1269 1753 solvit
1281 1702 1312 1748 ⁵⁷

96 1849 97 1853 ,
146 1800 178 1856 et
198 1811 416 1875 pycnocomon
439 1812 554 1854 erucae
575 1790 660 1854 foliis
675 1788 887 1854 crassioribus
902 1800 934 1853 et
947 1788 1135 1866 acrioribus,
1158 1788 1267 1854 radice

144 1892 292 1969 rotunda,
313 1890 391 1955 lutei
406 1892 531 1968 coloris,
554 1902 671 1955 terram
686 1892 801 1968 olente,
825 1887 916 1954 caule
931 1889 1175 1976 quadriangulo,
1198 1913 1275 1965 moe

146 1995 228 2072 dico,
251 1994 350 2070 tenni,
371 1992 449 2058 flore
471 1992 582 2068 ocimi3
605 1991 766 2057 invenitur
786 1991 821 2055 in
844 1991 978 2056 saxosis
1011 1990 1121 2055 Radix
1143 1991 1210 2057 eius
1232 1991 1267 2056 in

146 2110 230 2179 aqua
256 2096 360 2159 mulsa
386 2093 424 2157 X
452 2117 476 2157 11
504 2094 647 2178 pondere
674 2104 706 2158 et
732 2093 837 2157 alvom
866 2102 899 2156 et
925 2092 1020 2158 bilem
1053 2104 1085 2157 et
1117 2092 1267 2178 pituitam

146 2196 304 2272 exinanit3
340 2218 447 2261 semen
484 2195 607 2260 somnia
635 2196 831 2260 tumultuosa
862 2193 939 2258 facit
964 2217 1029 2258 una
1056 2192 1207 2258 drachma
1233 2193 1268 2257 in

146 2297 220 2362 vino
241 2308 368 2384 potum3
393 2309 425 2361 et
447 2319 566 2382 capnos
587 2319 647 2381 per
668 2296 794 2361 urinam
815 2295 952 2360 detrahit
972 2295 1077 2360 bilem.
1184 2349 1187 2356 .

188 2400 240 2463 37.
268 2397 438 2484 Polypodi‚
465 2419 561 2481 quam
588 2398 690 2463 nostri
710 2397 869 2463 feliculam
897 2406 1020 2475 vocant,
1048 2395 1159 2461 similis
1181 2396 1267 2461 felici
1280 2411 1336 2457 as⁴

146 2500 238 2564 radix
253 2501 286 2564 in
301 2513 374 2576 nsu',
397 2499 510 2584 pilosa,
532 2499 645 2564 coloris
659 2499 748 2564 intus
762 2498 915 2578 herbacii,
937 2497 1151 2564 crassitudine
1173 2498 1267 2584 digiti

147 2669 217 2739 ᾱβγ.
237 2714 268 2723 -
290 2671 394 2730 Quidam
406 2673 477 2722 aliter
489 2673 594 2737 traduat,
606 2673 746 2740 epithymum
757 2674 816 2734 aiae,
828 2677 858 2726 T.
872 2716 903 2725 ..
917 2684 989 2735 aaut,
1001 2675 1034 2724 K.
1054 2673 1123 2734 tenui,
1136 2667 1265 2734 vasca.

90 2789 93 2796 ,
148 2782 179 2791 -
194 2739 298 2804 pallioli,
310 2742 409 2793 VRad
426 2742 495 2804 (libri
512 2744 628 2793 meliores
643 2759 684 2806 ap.
702 2741 823 2805 Salmas.)
837 2742 938 2807 paliuri,
960 2743 1002 2793 alii
1018 2742 1075 2792 libri
1091 2757 1132 2806 ap.
1149 2741 1265 2790 eundem.

144 2807 199 2873 pili,
211 2811 244 2859 K.
262 2808 365 2872 caprioli
375 2811 416 2859 vel
428 2809 518 2874 capilli,
529 2811 614 2861 Ruell.
628 2812 659 2860 de
670 2816 761 2861 natura
773 2813 886 2875 stirpium
900 2817 923 2870 3,
937 2816 993 2860 151.
1017 2849 1048 2859 ..
1067 2816 1147 2872 parte,
1160 2809 1265 2859 VRad.

147 2892 264 2937 menstra,
275 2893 296 2926 r.
316 2918 344 2926 -
364 2876 419 2926 alvo
431 2886 456 2928 ct
467 2877 552 2938 soluta,
566 2874 726 2930 avaros.
744 2878 822 2928 alcum
834 2888 859 2928 et
870 2875 946 2938 solvit,
958 2873 1010 2940 βγ.
1029 2917 1061 2927 ..
1078 2875 1115 2924 Et
1125 2875 1265 2940 nymphaea,

147 2944 181 2994 V.
199 2952 223 2991 et
233 2943 374 3008 nymphaea,
386 2942 506 3011 Βιιᾱβγ.
523 2948 595 2997 Haec
612 2961 671 2996 vero
687 2947 771 3008 verba,
788 2947 825 2996 nti
842 2945 1011 3009 superioribus
1026 2945 1111 2994 verbis
1127 2943 1266 2994 emendatis

147 3012 220 3128 apiter
235 3013 290 3062 fieri
306 3028 360 3063 non
376 3015 466 3077 potnit,
482 3015 580 3064 initium
596 3029 678 3065 norae
692 3015 791 3078 periodi
805 3013 918 3074 fecimus,
932 3028 991 3062 cum
1005 3012 1137 3074 hucusque
1153 3013 1266 3076 priorem

147 3082 300 3129 canderent.

107 3159 110 3165 ’
181 3145 196 3206 ξ
210 3152 249 3198 57.
265 3164 430 3212 pycnocomon,
442 3151 467 3199 d.
482 3148 640 3212 piaaosomon,
651 3148 686 3198 V.
702 3163 876 3212 pyymooomoa,
885 3147 917 3197 R.
932 3147 1101 3212 pipmaaomoa‚
1111 3160 1134 3195 a.
1147 3145 1266 3196 Ceterum

146 3229 170 3262 v.
191 3215 305 3265 Dioscor.
327 3225 351 3275 4,
373 3220 428 3266 173.
457 3257 487 3264 -
514 3215 654 3276 acrioribus,
675 3216 781 3265 VRad.
807 3213 947 3274 rarioribus,
967 3210 996 3275 β,
1024 3255 1055 3263 ..
1081 3211 1266 3276 quadrianyulo,

147 3275 276 3333 OVRad.
294 3281 467 3346 quadrauyulo,
479 3279 529 3346 βγ.
543 3323 574 3331 ..
592 3281 692 3343 saxam,
704 3282 790 3333 VTd.
807 3281 900 3330 saxosis
912 3281 976 3340 hoa,
988 3276 1066 3341 Rari.
1079 3321 1111 3330 ..
1122 3295 1167 3342 per
1178 3278 1265 3340 aluum,

148 3349 235 3399 Dalec.
246 3391 277 3399 -
288 3366 338 3398 cum
351 3348 475 3408 malama,
484 3350 518 3398 V.
526 3391 557 3398 -
566 3357 589 3397 et
600 3365 687 3412 capnos
695 3364 741 3413 per
751 3348 845 3397 umnam
858 3347 963 3397 detrahit
975 3346 1050 3408 bilem,
1062 3349 1098 3397 ita
1108 3363 1154 3397 nos
1168 3347 1266 3410 scripsi·

147 3433 203 3467 mus
216 3433 249 3467 ex
260 3419 373 3467 maxima
383 3425 455 3481 parte
467 3418 546 3467 secuti
558 3417 662 3478 Innum3
679 3431 704 3466 r.
715 3415 789 3467 inira.
808 3425 830 3466 et
847 3433 935 3479 capnos
949 3423 1061 3464 strumam
1074 3413 1179 3462 detrahit
1190 3414 1266 3471 bilem,

147 3485 181 3534 V.
200 3492 221 3532 et
236 3500 324 3548 capnos
339 3478 424 3533 emund
440 3482 544 3532 detrahit
560 3482 635 3545 bilem,
648 3486 672 3534 d.
690 3492 713 3532 et
728 3491 851 3533 carnostru
866 3483 970 3532 detrahit
986 3481 1061 3540 bilem,
1073 3484 1126 3533 Ra.
1145 3489 1168 3530 et
1179 3498 1267 3545 capnos

146 3558 260 3600 ammam
276 3550 378 3601 discutit.
401 3551 517 3602 Detrahit
533 3550 606 3613 bilem,
623 3547 652 3612 β.
674 3559 697 3600 et
710 3567 788 3615 panos
804 3549 908 3601 discutit.
929 3548 1043 3601 Detrahit
1060 3547 1135 3612 bilem,
1147 3550 1227 3601 Hard.
1240 3563 1265 3612 γ.

147 3625 175 3667 at
184 3634 272 3682 capnos
280 3635 325 3682 per
336 3619 430 3668 umnam
443 3618 504 3683 (vel,
521 3622 589 3684 quod
599 3620 682 3682 magis
693 3622 799 3683 probare
810 3622 914 3680 videtur,
931 3616 1015 3680 urina)
1033 3616 1137 3667 detrahit
1147 3617 1213 3666 bilem
1222 3631 1266 3680 po-

148 3683 267 3750 lypodion,
283 3688 339 3737 Ian.
351 3688 416 3738 obss.
429 3689 483 3738 crit.
495 3703 520 3751 p.
533 3693 573 3738 28.
591 3689 632 3737 Ac
648 3688 757 3751 primum
774 3689 873 3752 quidem
890 3687 1014 3750 scriptura
1030 3686 1104 3735 codd.
1121 3685 1168 3734 Vd
1185 3685 1267 3747 magis

147 3757 324 3805 commendare
340 3756 471 3805 videbatur
483 3771 529 3819 per
544 3754 637 3803 urinam
654 3769 732 3818 quam
748 3755 830 3815 urina,
848 3755 885 3803 nti
901 3755 977 3803 ctiam
993 3753 1057 3803 illud
1075 3753 1173 3817 saepius
1189 3766 1267 3816 quam

146 3821 199 3870 hoc
210 3823 279 3884 apud
289 3823 402 3872 Plinium
412 3824 513 3886 legitur.
530 3823 631 3873 Deinde
642 3831 698 3872 tota
709 3824 802 3872 boram
817 3822 955 3871 verborum
971 3821 1148 3881 conformatio,
1165 3820 1266 3884 qualem

147 3903 205 3938 eam
217 3890 287 3938 dedit
298 3890 361 3952 Ian,
374 3892 532 3940 convincitur
542 3891 623 3940 verbis
634 3891 721 3955 primis
732 3891 859 3954 sequentis
870 3889 1023 3954 paragraphi
1034 3902 1137 3952 prorsus
1148 3888 1267 3938 immuta-

147 3957 188 4018 tis,
205 3964 234 4005 ut
250 3965 347 4007 taceam
362 3959 513 4022 particulam
531 3964 558 4006 at
571 3959 615 4018 ita,
636 3959 674 4007 nti
690 3958 745 4008 Ian.
762 3973 818 4006 eam
835 3972 929 4021 ponera
944 3957 1007 4017 vult,
1028 3956 1139 4019 positam
1154 3956 1265 4006 aPlinio

147 4039 250 4087 prorsus
263 4040 317 4076 esse
328 4026 448 4075 alienam.
622 4038 627 4049 ·

182 4090 196 4151 ᾖ
215 4098 255 4142 58.
277 4091 407 4157 Polypodi‚
425 4094 507 4143 VRa.
527 4089 684 4156 polypodion,
700 4087 771 4155 hdr.
799 4091 938 4143 Genetivns
957 4094 1006 4142 iam
1023 4093 1116 4155 pendet
1131 4108 1146 4142 a
1162 4091 1266 4141 nomine

147 4157 234 4221 radia,
255 4163 323 4224 quod
339 4162 471 4224 hucusque
482 4155 526 4223 βγ
547 4175 640 4209 novam
659 4159 792 4222 periodum
809 4160 958 4224 incipiebam
980 4167 1092 4209 ceterum
1108 4175 1131 4208 r.
1149 4161 1265 4209 Dioscor.

148 4233 172 4287 4,
188 4234 243 4278 185.
262 4269 293 4277 ..
310 4226 444 4291 feliculam,
460 4229 497 4276 ita
507 4241 554 4277 nos
567 4227 719 4290 scripsimus.
730 4224 858 4288 filiculam,
871 4223 972 4291 Rassy.
983 4225 1119 4291 filiciolam,
1133 4222 1214 4276 OVd.
1233 4266 1264 4275 .-

147 4293 239 4411 st'uy'lir,
250 4297 355 4411 Vllplad.
373 4294 458 4345 similis
469 4294 529 4344 euim
541 4303 582 4356 aet,
593 4289 644 4359 βγ.
663 4335 693 4344 ..
704 4293 784 4358 felici,
796 4294 830 4344 V.
840 4294 914 4359 filici,
927 4291 996 4358 ᾱβγ.
1008 4294 1091 4422 'lilii'
1101 4297 1132 4346 R.
1142 4292 1232 4357 seleth,
1241 4310 1265 4344 a.

204 4377 257 4413 nm.
317 4400 323 4412 .
726 4377 727 4380 ’
