2918 4800
395 327 465 374 um.
483 327 569 374 xxv.
598 324 677 374 car.
692 326 768 374 xm.
797 324 896 374 sucu.
912 326 1020 370 tou-ros.
1204 287 1263 372 155

138 478 329 565 hyoscyami
359 476 518 556 modicus,
546 478 624 544 item
651 477 817 545 Achilleae
845 488 877 543 et
906 475 1048 559 centauri
1075 474 1207 540 minoris
1234 484 1266 538 et

143 577 347 668 plantaginis,
377 579 554 665 peucedani
576 574 803 645 cum'rosaceo
825 591 857 645 et
877 579 1036 655 meconio,
1059 576 1145 642 acori
1168 598 1265 642 sucus

143 704 217 748 cum
238 702 328 760 rosa3
362 680 466 746 omnis
488 692 596 748 autern
618 681 734 770 strigili
757 681 931 747 calefactus
953 679 1145 754 infunditur,
1174 687 1264 761 coty-

142 783 237 851 ledon
260 782 356 848 etiam
376 782 555 868 purulentis
577 804 650 848 cum
672 783 810 849 medulla
832 782 962 849 cervina
984 783 1145 848 calefacta.
1167 778 1265 845 Ebuli

142 884 260 951 radicis
282 884 375 950 tritae
397 905 493 950 sucus
513 884 614 950 linteo
637 884 771 962 colatus,
801 907 878 966 mox
903 884 937 948 in
960 883 1026 949 sole
1054 883 1206 947 densatus
1235 889 1267 943 et

143 1007 217 1052 cum
238 1006 322 1071 opus
344 986 385 1051 sit
406 1007 538 1052 rosaceo
560 987 682 1052 dilutus
704 985 927 1052 et'colefactus
948 985 1122 1072 parotidas,
1149 981 1263 1046 verbe-

142 1109 232 1165 naca,
254 1086 332 1151 item
353 1088 506 1176 plantago
521 1099 631 1165 sanat,
653 1088 731 1153 item
747 1086 889 1153 sideritis
904 1109 977 1151 cum
992 1085 1133 1174 axungia
1147 1095 1264 1149 vetere.

187 1191 258 1254 104.
280 1186 413 1254 Narium
436 1211 594 1254 ozaenam.
612 1189 761 1256 emendat
782 1187 1081 1254 aristolochia¹cum
1104 1206 1232 1272 cypero.
1280 1198 1328 1246 ros

187 1289 258 1353 105.
288 1288 452 1356 Dentibus
473 1290 616 1357 remedio
638 1302 714 1356 sunt
733 1292 866 1377 panacis
887 1290 981 1355 radix
1003 1287 1264 1364 conmanducata,

92 1419 94 1423 ·
142 1389 316 1476 praecipue
331 1389 514 1472 Chironiae,
537 1392 613 1458 item
634 1414 732 1459 sucus
754 1391 948 1471 conlutibus,
970 1391 1062 1456 radix
1080 1385 1266 1474 hyoscyami

144 1514 184 1558 ex
210 1502 300 1557 aceto
328 1493 534 1571 manducata,
564 1494 640 1558 item
668 1492 885 1558 Polemoniae.
926 1491 1209 1557 Conmanducatur
1235 1499 1267 1553 et

143 1593 338 1682 plantaginis
359 1595 454 1660 radix
475 1606 531 1660 aut
554 1595 748 1660 conluuntur
769 1594 803 1658 in
830 1604 919 1660 aceto
942 1595 1093 1660 decoctae
1115 1613 1206 1670 suoo;
1234 1601 1267 1655 et

143 1694 220 1759 folia
246 1716 317 1761 esse
343 1696 445 1775 utilia,
476 1697 528 1762 vel
550 1696 576 1762 si
599 1695 756 1783 sanguino
782 1694 936 1784 gingivae
957 1705 1143 1782 putrescant
1164 1694 1216 1759 vel
1239 1692 1266 1757 si

144 1796 308 1884 sanguinis
335 1796 378 1861 sit
403 1797 552 1874 reiecti03
581 1819 691 1863 semen
720 1797 864 1862 eiusdem
893 1807 1094 1880 apostemata
1115 1806 1148 1860 et
1162 1793 1266 1862 colle·
1345 1863 1349 1874 ,

143 1897 264 1964 ctiones
286 1897 491 1986 gingivarum
514 1909 616 1965 sanat.
638 1899 682 1963 Et
698 1897 902 1964 aristolochia
923 1897 1073 1986 gingivas
1095 1896 1266 1978 dentisque
1281 1911 1330 1956 rso

143 1999 321 2076 confirmat,
343 1999 542 2068 verbenacae
564 2023 636 2066 cum
658 2000 766 2066 radice
781 1999 1052 2065 conmanducatae
1068 2009 1100 2063 et
1114 1999 1266 2063 decoctae

143 2121 184 2164 ex
212 2098 288 2165 vino
316 2112 373 2166 aut
399 2112 490 2168 aceto
517 2124 614 2167 sucus
640 2103 803 2180 conlatus,
830 2100 906 2166 item
928 2098 1127 2186 quinquefoli
1147 2096 1266 2162 radicis

144 2201 292 2268 decoctae
314 2204 356 2268 ad
377 2205 487 2269 tertias
509 2202 584 2270 vino
606 2214 662 2268 aut
688 2214 794 2280 aceto;
821 2202 912 2289 prius
940 2222 1036 2288 quam
1058 2201 1265 2283 decoquatur,

146 2407 218 2469 mevi,
230 2425 250 2459 r.
270 2449 301 2460 ..
318 2410 394 2472 caule,
406 2429 426 2463 r.
445 2454 477 2463 ..
493 2411 603 2476 mussa,
615 2414 668 2463 Td.
682 2448 713 2461 ..
734 2408 829 2473 Omnia,
841 2412 875 2463 V.
893 2411 1012 2463 Ceterum
1024 2426 1047 2461 v.
1058 2411 1176 2461 Dioscor.
1188 2413 1213 2469 4,
1225 2412 1266 2457 88.

147 2517 177 2527 ..
196 2477 349 2542 refrigerare,
363 2474 504 2535 ovRTo.
519 2479 689 2546 perfriqerure,
701 2474 750 2541 ιβ.

179 2543 265 2605 §itta
291 2545 401 2608 inunctis,
417 2549 500 2599 vua.
526 2548 641 2610 inunctus,
657 2548 740 2599 TKd.
767 2588 798 2596 ..
824 2553 920 2612 purgat,
940 2539 1081 2597 Oerd.
1104 2549 1267 2608 peruagata.

142 2621 257 2677 purgant,
268 2609 298 2675 β.
319 2655 349 2664 .,
368 2615 447 2677 etiam,
459 2617 491 2666 K
504 2656 535 2666 ..
549 2615 678 2680 expletque,
694 2608 832 2665 OVRTd.
850 2628 1021 2678 superaquam
1039 2611 1183 2676 explentque,
1195 2606 1224 2672 β·
1235 2649 1267 2659 -

88 2685 91 2690 ’
141 2679 440 2746 perducitetdeylutinut,
455 2677 617 2735 OvRTad.
637 2681 769 2747 perducunt
779 2690 805 2733 et
821 2680 975 2746 deglutierat,
987 2676 1016 2743 β.
1041 2721 1071 2733 ..
1097 2678 1268 2740 Eodeurtd

144 2789 177 2821 ...
196 2747 354 2812 capittvla
377 2791 409 2801 ...
427 2748 605 2817 falauqiorum,
617 2752 651 2803 V.
679 2791 711 2801 ...
736 2750 895 2812 atzoum,V¹.
913 2746 1111 2812 adzoum,V²R.
1138 2788 1170 2798 ..
1194 2760 1268 2811 prae·

144 2815 235 2880 amm,
247 2817 281 2866 v.
300 2858 331 2867 ,
342 2817 412 2880 fiat,
424 2819 486 2869 vs.

153 2935 157 2946 ,
179 2886 193 2948 ξ
208 2890 264 2934 164.
281 2901 357 2945 sumu,
373 2878 489 2936 OVRT.
506 2903 588 2936 morta
599 2886 714 2944 inunctus,
726 2881 817 2950 adssr.
832 2926 863 2935 ..
881 2883 1025 2950 hyoscyami,
1037 2885 1089 2934 Ta.
1107 2881 1267 2946 hyoscyamos,

149 2943 258 3002 vad.
286 2993 319 3002 ..
344 2952 456 3016 modicus,
472 2947 610 3005 OVRTd.
636 2951 736 3015 modica,
754 2970 778 3004 a.
805 2947 965 3017 modicassr.
992 2992 1023 3002 ..
1050 2948 1170 3012 Actium,
1180 2950 1216 2999 V.
1235 2989 1267 2998 ..

143 3019 253 3068 cantuari
267 3020 372 3083 minoris,
382 3022 487 3072 VRad.
510 3020 608 3071 minoris
623 3022 747 3082 centaurii,
758 3035 783 3085 r.
806 3019 904 3069 minoris
915 3019 1041 3080 restaurai,
1054 3014 1082 3080 β,
1101 3059 1132 3068 -
1152 3016 1268 3065 meconiu-

144 3086 202 3148 oori,
214 3088 277 3139 VR.
300 3129 332 3139 ..
353 3088 505 3154 prurulents’a,
518 3092 541 3140 d.
560 3131 592 3140 ..
615 3106 665 3139 cum
682 3088 793 3150 medulla,
806 3090 870 3139 VR.
894 3094 917 3136 et
933 3103 985 3136 cum
1000 3083 1111 3146 medulla,
1123 3080 1216 3149 adssr.
1235 3124 1268 3133 .-

144 3152 259 3218 calfacto,
275 3170 299 3206 a.
322 3196 354 3206 ..
378 3154 455 3219 linteo,
473 3151 621 3209 OVRadr.
646 3155 745 3216 linteolo,
760 3151 789 3217 β.
813 3197 844 3206 ..
872 3163 895 3203 et
909 3171 961 3204 eum
977 3170 1036 3219 opus
1050 3153 1089 3214 sit,
1109 3145 1268 3202 OVRTad.

144 3238 195 3271 cum
208 3239 267 3287 opus
279 3231 320 3284 est,
331 3219 361 3286 β.
380 3265 412 3274 ..
426 3224 563 3288 parotidas,
574 3226 677 3276 VRad.
692 3222 821 3288 parotidas
832 3230 912 3284 sanat,
924 3218 975 3287 βγ.
992 3263 1023 3272 ..
1042 3221 1179 3281 cadenaco,
1192 3219 1268 3269 Vad.

145 3291 296 3352 oudenarde,
308 3294 340 3343 R.
358 3293 489 3342 verbenaca
500 3309 598 3356 quoque,
610 3287 661 3356 βγ.
680 3332 711 3342 ..
729 3298 809 3350 sonat,
821 3292 896 3341 Rad.
910 3291 999 3342 Omitt.
1008 3285 1089 3353 Vdr.

179 3362 193 3423 §
212 3365 268 3410 166.
292 3376 412 3422 ozaenam,
432 3360 469 3410 ita
484 3375 532 3411 nos
549 3361 701 3424 scripsimus.
724 3374 804 3418 ozena,
819 3359 903 3408 van.
926 3374 989 3419 ozeu,
1007 3373 1030 3407 a
1053 3371 1161 3418 oramus,
1173 3351 1224 3419 βγ.
1236 3395 1267 3404 ..

143 3427 252 3490 panorm,
265 3444 287 3478 a
303 3427 401 3493 ponuat,
413 3427 498 3478 VRd.
530 3468 561 3476 ..
587 3426 715 3488 collutrhra,
731 3419 839 3477 OVRd.
858 3424 963 3487 collutas,
975 3427 1008 3476 Κ.
1031 3423 1131 3486 collutis,
1144 3419 1215 3488 adr.
1236 3462 1267 3472 .-

144 3492 273 3556 Polemios,
286 3498 309 3545 d.
322 3536 353 3546 ..
366 3492 580 3557 Coumunducatur,
592 3496 628 3546 ita
639 3510 687 3546 nos
699 3495 851 3558 scripsimus.
866 3489 1104 3554 Commoudueontur,
1113 3486 1267 3555 Vltadssr.

145 3601 177 3611 ...
189 3560 271 3624 radix,
280 3563 383 3613 VRad.
401 3561 502 3625 radicas,
512 3558 563 3628 βγ.
577 3604 608 3613 ..
622 3561 736 3625 coluntur,
745 3562 808 3612 VR.
821 3602 852 3611 ..
864 3576 921 3621 asae,
930 3562 1013 3612 VRa.
1031 3559 1124 3619 cderm,
1136 3562 1188 3610 To.
1206 3565 1268 3619 suut,

80 3659 87 3667 -
143 3624 194 3708 fif.
206 3671 245 3708 ⁶...
264 3629 328 3692 utile,
340 3630 570 3711 VRd3inutilaa.
590 3671 622 3681 -
639 3629 834 3709 wlsiaunpua'ae
848 3628 968 3708 gingivas,
980 3631 1024 3679 ad.
1042 3626 1080 3677 vel
1094 3627 1117 3706 ri
1131 3625 1268 3725 sangumem

142 3695 1269 3832 iiiitduiaiirii-..iffi'f'i'iiidiiiiiii,iiiiriiiii’sir}{a

143 3848 167 3882 v.
179 3834 297 3884 Dioscor.
310 3841 335 3896 2,
349 3840 409 3885 1522
427 3832 455 3898 (d
468 3831 568 3902 χυλὸς)
585 3829 630 3882 καὶ
647 3831 720 3900 πρὸς
734 3829 803 3883 odlu
815 3826 1003 3894 αἱμασσόμενα
1014 3825 1059 3879 καὶ
1071 3827 1143 3893 πρὸς
1153 3825 1270 3890 αἵματος

144 3896 293 3966 ἀναγωγὰς
302 3897 454 3963 πινόμενος.
475 3944 506 3952 ..
525 3901 562 3951 vel
576 3916 661 3964 semen,
673 3903 777 3952 VRad.
795 3902 833 3952 At
844 3901 971 3966 particula
982 3897 1020 3948 vel
1029 3898 1149 3948 remansit
1161 3913 1175 3947 e
1186 3898 1268 3947 verbis

145 3969 176 4018 ab
188 3970 277 4019 iisdem
289 3969 340 4020 illis
353 3971 426 4020 codd.
440 3972 549 4021 omissis.
1106 3989 1111 3997 ·

178 4039 263 4100 §¹⁶⁶-
282 4035 414 4100 denteaqua,
429 4029 517 4087 OVR.
536 4035 650 4098 mamma,
663 4032 732 4099 adst.
757 4078 788 4086 ..
811 4036 963 4096 commem,
975 4035 1008 4086 Κ.
1025 4032 1159 4091 verbosare,
1173 4049 1195 4082 a.
1217 4047 1268 4082 uer·
1339 4039 1345 4048 ‘

145 4104 241 4165 benaco,
254 4101 388 4169 vatur.
406 4145 437 4154 ..
457 4104 665 4154 commanducatae
682 4113 704 4153 et
720 4103 835 4165 decumae,
852 4105 886 4154 K.
908 4098 1103 4169 commanducata
1121 4107 1145 4149 et
1165 4098 1268 4160 decoctu,

148 4163 299 4238 ovaady.
318 4170 610 4233 manducataetdecoctu‚
623 4167 652 4234 β.
677 4213 707 4222 ..
734 4171 828 4232 oollutu,
839 4173 872 4222 K.
896 4212 926 4220 ..
951 4167 1148 4232 mdicavxo.
1165 4165 1269 4229 radium,

144 4234 215 4303 adr.
235 4280 266 4290 ..
285 4256 336 4290 cum
349 4239 455 4302 niuali„
476 4281 506 4288 ..
522 4239 682 4305 priusquam,
698 4241 802 4290 VRad.
823 4238 892 4304 prius
908 4254 963 4287 vero
980 4252 1058 4302 quum,
1070 4232 1121 4301 βγ.
1146 4277 1176 4286 ..
1201 4233 1268 4285 deco·

144 4313 239 4369 immi
251 4304 336 4360 VM·
354 4306 522 4371 mimmii
534 4303 604 4372 8697·
