2918 4800
144 275 207 338 410
494 291 699 338 uarunsms
719 291 917 355 meronmn

131 443 195 532 xvel
216 443 305 528 passi
325 443 448 528 cyathis
471 443 574 509 tribus
597 445 671 507 ante
693 444 891 508 accessiones
898 470 907 522 3
933 453 1006 508 sunt
1021 444 1076 528 qui
1092 453 1174 508 totas
1190 436 1267 509 o'en-

144 556 234 609 seant
255 544 464 610 devorandas.
487 544 621 630 Aspidis
639 555 743 610 outem
765 544 905 630 pondere
928 555 1020 610 sexta
1041 556 1132 631 parte
1155 545 1267 611 denari
1286 565 1332 610 los

143 669 216 710 oum
238 647 359 732 piperis
381 647 453 733 pari
467 647 561 711 modo
575 646 768 711 Parthorum
782 658 898 733 gentes
920 647 954 712 in
976 646 1154 712 remedium
1169 671 1268 732 quar-

144 759 236 813 tanae
261 748 385 814 bibunt.
432 746 637 834 Chrysippus
662 747 873 834 philosophus
902 748 1035 813 tradidit
1063 749 1269 836 phryganion

143 849 350 938 adalligatum
372 851 512 915 remedio
534 873 606 915 esse
627 851 806 933 quartanis3
828 851 916 934 quod
934 861 1019 916 esset
1034 851 1150 915 animal
1165 875 1270 936 neque

141 951 193 1016 ille
216 952 385 1039 descripsit
405 975 464 1017 neo
484 975 543 1017 nos
564 952 746 1017 invenimus
775 952 830 1036 qui
852 952 1013 1028 novisset3
1043 952 1268 1018 demonstran-

143 1053 219 1117 dum
242 1065 348 1118 tamen
369 1055 430 1118 fuit
451 1077 471 1118 a
494 1065 558 1117 tam
581 1055 672 1140 gravi
694 1064 823 1119 auctore
852 1054 984 1130 dictum,
1015 1053 1042 1118 si
1070 1055 1162 1119 cuius
1190 1078 1269 1120 cura

143 1155 302 1220 efficacior
329 1167 415 1221 esset
441 1155 640 1239 inquirentis.
684 1154 829 1221 Cornicis
857 1156 961 1220 carnis
990 1178 1060 1221 esse
1087 1166 1121 1221 et
1149 1156 1269 1220 nitrum

141 1256 276 1321 inlinere
296 1258 329 1321 in
351 1258 457 1343 longis
479 1256 600 1322 morbis
622 1257 826 1322 utilissimum
849 1269 973 1343 putant.
1003 1257 1046 1321 Et
1067 1258 1102 1321 in
1124 1259 1269 1323 tertianis
1284 1277 1332 1320 104

141 1357 195 1421 fiat
218 1369 360 1444 potestas
384 1358 580 1444 experiendi,
608 1358 760 1442 quoniam
787 1359 932 1424 miserias
960 1358 1051 1444 copia
1080 1359 1150 1444 spei
1177 1359 1267 1424 dele-

141 1468 215 1536 ctat,
238 1482 321 1524 anne
343 1461 449 1525 aranei
471 1482 567 1543 quem
589 1460 684 1544 lycon
706 1471 823 1525 vocant
845 1462 908 1525 tela
922 1483 995 1525 oum
1009 1461 1080 1546 ipso
1094 1460 1128 1524 in
1144 1461 1267 1546 splenio

142 1561 269 1626 resinae
291 1584 446 1646 ceraeque
468 1562 607 1647 inposita
628 1563 774 1646 utrisque
797 1561 994 1649 temporibus
1017 1573 1049 1627 et
1069 1561 1167 1626 fronti
1189 1585 1266 1648 pro-

142 1662 183 1725 sit
212 1676 267 1727 aut
296 1664 365 1751 ipse
399 1664 521 1730 calamo
556 1665 766 1750 adalligatus,
802 1665 940 1748 qualiter
967 1675 1000 1728 et
1026 1663 1096 1729 aliis
1122 1663 1267 1730 febribus

141 1762 294 1846 prodesse
317 1765 469 1844 traditur,
497 1766 575 1830 item
596 1767 719 1831 lacerta
745 1765 857 1831 viridis
880 1766 1054 1852 adalligata
1075 1766 1149 1830 viva
1170 1765 1203 1830 iu
1227 1789 1265 1832 eo

141 1888 217 1930 vase
240 1868 326 1950 quod
348 1869 464 1953 capiat,
495 1891 559 1952 quo
585 1890 704 1954 genere
731 1878 763 1932 et
789 1867 949 1932 recidivas
971 1868 1155 1951 frequenter
1177 1868 1265 1955 abigi

31 2025 34 2031 .
142 1967 320 2033 adfirmant.

196 2070 250 2133 31.
282 2069 482 2155 Hydropiois
511 2092 666 2154 oesypum
697 2091 738 2134 ex
763 2070 839 2134 vino
868 2068 977 2134 addita
1003 2093 1113 2134 murra
1139 2071 1266 2136 modice
1282 2087 1330 2130 105

106 2226 112 2237 ,
142 2171 232 2255 potui
259 2172 354 2236 datur
379 2171 472 2235 nucis
499 2170 662 2236 abellanae
688 2171 928 2258 magnitudine3
956 2170 1054 2254 aliqui
1083 2170 1207 2236 addunt
1234 2183 1267 2236 et

142 2294 290 2337 anserum
313 2273 441 2359 adipem
464 2295 505 2337 ex
526 2273 601 2338 vino
621 2282 754 2356 myrteo.
780 2270 901 2337 Sordes
920 2272 961 2337 ab
981 2271 1138 2337 uberibus
1158 2273 1267 2337 ovium

142 2374 278 2438 eundem
299 2375 449 2439 effectum
475 2374 604 2450 habent,
635 2373 712 2437 item
742 2374 1077 2455 carnesinveteratae
1105 2374 1266 2440 heriuaoei

144 2485 306 2561 sumptae3
336 2477 474 2540 vomitus
501 2497 629 2559 quoque
657 2497 772 2539 canum
800 2475 911 2540 inlitus
932 2475 1035 2540 ventri
1058 2497 1174 2559 aquam
1198 2487 1265 2540 tra-

141 2575 218 2640 here
239 2577 446 2661 promittitur.

183 2676 266 2741 XII.
293 2680 345 2743 32.
371 2678 447 2767 Igni
474 2701 565 2743 sacro
592 2679 738 2744 medetur
765 2700 922 2764 oesypum
948 2702 1021 2744 oum
1043 2676 1261 2764 pompholyge
1283 2693 1330 2737 loo

173 2867 255 2915 passo,
267 2853 316 2901 R².
334 2868 397 2912 osso,
409 2853 508 2901 VR¹d.
523 2893 559 2902 ,..
579 2860 636 2908 tota,
648 2854 682 2902 V.

175 2922 190 2983 ς
205 2925 260 2969 103.
283 2927 364 2968 sextae
378 2918 464 2983 portis,
476 2921 509 2970 K.
529 2961 560 2969 -
576 2917 735 2984 phryqonnm
747 2920 778 2969 R.
798 2918 964 2984 pleripranion,
976 2920 1031 2970 Vd.
1053 2961 1081 2968 ..
1102 2935 1119 2966 a
1132 2926 1187 2978 tam,
1200 2918 1266 2968 VR.

143 2994 198 3043 tarn,
211 2988 234 3035 d.
255 3029 285 3036 -
304 2996 408 3047 anctore,
425 2989 495 3037 R2o.
523 2987 622 3049 auctori,
636 2988 711 3037 VR'.
731 3029 761 3036 ..
785 2988 934 3048 enitescere,
952 2989 983 3036 R.
1011 2986 1143 3045 calcenone,
1156 2987 1189 3035 V.
1216 2984 1265 3034 cnl-

141 3070 208 3114 enro,
221 3056 273 3105 Td.
291 3056 429 3120 cuiusquam
441 3071 506 3116 curn,
518 3051 548 3117 β.
567 3097 597 3106 ..
613 3054 770 3119 peroioncmr,
782 3057 815 3107 K.
835 3096 866 3105 -
884 3055 1032 3119 inquirentis,
1045 3055 1159 3106 Gronov.
1183 3053 1265 3116 inque-

141 3121 236 3184 rendos,
253 3118 282 3173 θ.
309 3121 472 3187 inquinandus,
489 3125 563 3173 VR¹.
590 3121 751 3186 inquirendus,
768 3124 851 3176 R²d¹.
878 3120 1051 3187 inquirendum,
1068 3124 1108 3172 d2.
1136 3119 1171 3169 od
1185 3120 1266 3182 inqui-

141 3189 246 3251 rendam,
256 3186 285 3251 β.
303 3190 442 3256 inquirendo
453 3193 494 3242 vel
505 3193 529 3240 in
539 3189 681 3255 quaerendo,
694 3192 782 3240 Delec.
800 3193 866 3241 Mihi
880 3192 979 3241 Plinius
990 3191 1120 3254 scripsisse
1131 3190 1230 3238 videtur
1242 3189 1267 3237 in

143 3256 288 3321 inquirendis
300 3258 342 3322 iis3
361 3262 392 3308 de
404 3274 511 3310 numero
522 3259 616 3324 plurali
627 3259 657 3307 iis
669 3261 750 3310 relato
763 3261 795 3308 ad
803 3258 955 3324 pbryqonion
967 3274 989 3307 v.
1003 3259 1035 3307 ad
1048 3264 1089 3317 ³2,
1102 3263 1142 3306 24.
1156 3297 1187 3306 ..
1209 3253 1266 3304 Gor-

142 3325 212 3384 nices,
224 3327 258 3376 V.
279 3368 309 3376 ,
328 3335 358 3387 et,
369 3329 419 3377 R'2.
438 3328 526 3378 Omin.
539 3328 636 3383 VRld.
656 3367 687 3377 ..
711 3325 816 3386 inlinere,
829 3328 875 3377 Ro
892 3325 979 3389 (codd.
992 3327 1082 3389 optimi
1094 3339 1135 3388 ap.
1148 3323 1265 3375 Oudend.

142 3393 400 3457 sassonorum.)
419 3393 513 3455 illinire,
525 3389 584 3456 νβ.
604 3436 635 3443 ..
655 3393 737 3459 lonpis,
754 3387 863 3444 OVRd.
883 3393 1031 3458 lonyissimrs,
1043 3388 1072 3453 β.

177 3463 191 3524 5
206 3467 262 3511 104.
277 3470 351 3524 potes,
363 3463 418 3512 Vd.
430 3503 459 3512 ..
471 3461 613 3526 experiendi,
625 3462 674 3511 3².
692 3460 843 3523 experiendo,
855 3462 952 3511 VR¹d.
966 3501 996 3510 ..
1007 3459 1115 3508 miseram
1126 3457 1195 3521 copia
1206 3456 1265 3521 spei,

144 3522 233 3579 (ΝΒ.
251 3529 360 3578 miserim
371 3529 425 3592 copi
435 3530 491 3592 spei,
504 3532 556 3580 To.
580 3529 678 3578 miseros
693 3545 754 3592 spes,
766 3530 803 3579 Κ1
817 3527 903 3591 (codd.
919 3525 990 3588 Gal.)
1008 3527 1058 3576 eius
1068 3526 1120 3590 spei
1130 3525 1200 3589 eopia
1213 3525 1266 3585 erit,

60 3618 68 3625 ·
143 3596 194 3647 K2.
212 3597 310 3646 miscio
320 3596 378 3661 spei,
389 3592 419 3657 β.
434 3638 464 3647 -
481 3595 589 3658 deleam,
602 3598 647 3646 Td
658 3594 746 3658 (codd.
759 3596 831 3658 (iel.)
847 3595 947 3657 deiecta
961 3596 1021 3646 VR.
1039 3594 1149 3658 quoniam
1160 3593 1211 3643 eins
1222 3592 1269 3641 erit

144 3664 213 3743 eopia
224 3664 276 3728 spei
287 3662 317 3713 de
333 3672 399 3726 tecto,
410 3667 518 3743 Barbar.
535 3666 624 3765 Yerba
640 3663 752 3726 qnoniam
760 3663 898 3743 „metat
909 3674 938 3714 ut
952 3663 1117 3764 quppositioia
1128 3662 1195 3740 delet
1206 3662 1267 3738 Pin·

143 3730 496 3861 pqqqfflzrqcppyaffl
505 3729 822 3863 {solyffpqmlquvq
833 3731 1024 3862 ‘dimidiae
1041 3729 1163 3861 ma
1173 3745 1229 3856 ‘dii
1241 3745 1268 3844 {1⁷⁸

145 3864 193 3915 telo
204 3883 254 3916 mim
267 3867 321 3930 ipsa
332 3867 357 3916 in
367 3866 449 3931 splene
460 3875 514 3928 toto,
525 3869 555 3917 T.
575 3865 677 3915 debiturn
691 3867 754 3929 ipsos
764 3866 834 3930 plone
847 3864 933 3925 totali.
951 3865 980 3915 de
993 3865 1047 3915 loen
1058 3867 1121 3929 ipsos
1129 3865 1199 3929 piene
1212 3871 1267 3923 aa,

142 3949 195 3998 ρφ.
214 3933 321 3984 &boam
333 3935 395 3999 ipsos
404 3935 472 3999 piene
484 3943 538 3995 toto,
549 3931 576 3983 d.
596 3933 643 3983 tela
660 3950 710 3982 eum
728 3934 780 3997 apso
794 3951 865 3997 speon
881 3942 938 3994 toto,
956 3930 985 3994 β.
1003 3933 1094 3998 splenio
1113 3935 1165 3983 iam
1182 3933 1267 3981 conie-

145 4007 213 4050 cerat
229 4003 340 4054 Pintian.
360 4044 390 4053 ..
410 4003 503 4052 resinae
520 4018 639 4065 anaeque,
656 3999 831 4066 VRTdddp
838 4017 867 4066 φ.
891 4001 971 4050 resino
992 4017 1099 4065 ceraque,
1115 3996 1144 4063 β.
1170 4041 1201 4050 ..
1223 3999 1267 4047 im-

143 4068 227 4131 posita,
240 4071 271 4120 R.
286 4113 315 4120 -
329 4069 442 4132 calamos,
455 4072 479 4119 d.
493 4112 523 4120 ..
538 4068 692 4133 adolliqotos,
705 4071 728 4118 d.
744 4111 773 4119 ..
790 4067 936 4133 adallipata,
947 4071 1048 4120 R²Td.
1066 4066 1178 4132 ollipata,
1190 4068 1266 4118 VR'.

147 4176 177 4185 ..
188 4137 251 4199 vira,
263 4140 344 4190 omitt.
355 4141 406 4190 To.
419 4181 447 4188 -
461 4153 539 4198 vmeo,
548 4139 582 4200 V,
595 4139 665 4201 quod
676 4152 711 4187 ex
721 4153 780 4188 uaso
790 4153 836 4202 per
850 4138 1048 4201 dittographiam
1061 4145 1144 4187 ortum
1155 4137 1268 4196 videtum

146 4220 169 4253 v.
181 4205 232 4254 ind.
245 4207 387 4256 verborum.
408 4249 436 4256 -
456 4221 503 4269 quo
514 4205 591 4255 dhan
602 4206 691 4269 captae
702 4207 809 4256 Barbas.
821 4206 853 4256 K.
874 4246 904 4256 ..
916 4205 1065 4269 frequentes,
1077 4207 1101 4256 d.
1120 4227 1156 4254 --
1170 4201 1268 4266 ambigi,

146 4273 179 4320 V.
200 4313 229 4320 ..
248 4272 395 4335 confirmant,
409 4276 459 4324 Τὰ.
