2918 4800
200 267 262 333 170
551 284 755 333 neruosus
777 283 973 332 ursroruan

197 436 334 502 busdam
349 458 455 521 syron.
478 434 531 501 Ex
545 435 620 503 vino
635 435 796 503 stomacho
818 447 850 502 et
865 437 1049 523 dyspnoeae
1064 435 1219 513 medetur,
1242 456 1319 501 cen·

197 539 337 602 taurium
356 537 460 602 maius
482 537 661 623 ecligmate,
684 539 836 624 plantago
858 561 934 604 suco
956 537 1009 605 vel
1023 537 1107 617 cibo,
1129 536 1320 603 Vettonicae

196 651 309 705 tunsae
336 638 442 725 pondo
468 639 561 716 libra,
588 639 690 707 mellis
711 635 814 706 Attici
844 641 1008 706 semuncia
1035 661 1075 704 ex
1104 661 1190 724 aqua
1217 639 1321 704 calida

196 741 313 807 cotidie
334 740 530 818 bibentibus,
552 741 758 808 aristolochia
779 741 830 808 vel
851 741 1017 830 agaricum
1034 741 1136 808 obolis
1157 740 1258 806 ternis
1279 761 1327 813 ex¹

195 864 278 928 aqua
301 841 405 908 calida
425 852 481 907 aut
500 843 583 910 lacte
605 843 729 909 asinino
749 855 872 930 potum.
896 841 1140 910 Cissanthemos
1154 841 1196 907 ad
1210 841 1320 908 ortho-
1334 861 1368 906 as

94 1030 103 1041 .
194 967 316 1032 pnoeas
337 944 469 1023 bibitur,
491 944 570 1011 item
590 944 751 1033 hysopum
772 956 804 1010 et
824 944 1034 1024 asthmaticis,
1063 943 1241 1030 peucedani
1264 967 1319 1009 su-

195 1071 252 1114 cus
280 1047 314 1112 in
342 1046 493 1113 iocineris
523 1046 688 1112 doloribus
716 1058 749 1113 et
776 1047 916 1134 pectoris
943 1046 1133 1132 laterisque,
1164 1046 1191 1112 si
1213 1046 1321 1112 febres

189 1172 259 1215 ,nou
281 1150 355 1215 sint.
379 1145 579 1236 Sanguinem
595 1170 723 1233 quoque
738 1149 971 1236 exspuentibus
985 1148 1136 1215 subvenit
1157 1148 1322 1234 agaricum

194 1251 358 1319 victoriati>
376 1249 519 1336 pondere
541 1251 651 1317 tritum
672 1262 705 1318 et
726 1251 761 1317 in
781 1251 877 1318 mulsi
896 1251 1037 1336 quinque
1053 1251 1179 1336 cyathis
1194 1249 1320 1326 datum3

194 1351 280 1418 idern
302 1362 335 1419 et
356 1374 504 1418 amomon
524 1352 612 1419 facit.
639 1351 778 1418 Iocineri
800 1352 952 1439 privatim
967 1352 1105 1419 Teucria
1125 1351 1246 1418 bibitur
1267 1373 1320 1416 rs·
1334 1367 1366 1414 aa

195 1475 272 1519 cens
294 1453 455 1519 drachmis
476 1478 510 1519 1v
533 1454 566 1519 in
589 1476 708 1539 poscae
728 1453 867 1532 hemina,
888 1453 1077 1522 Vettonicae
1090 1452 1242 1517 drachma
1256 1475 1320 1516 une

198 1555 232 1623 in
254 1577 356 1640 equae
378 1556 499 1623 calidae
520 1556 647 1642 cyathis
676 1557 790 1636 tribus,
817 1557 859 1621 ad
886 1557 992 1622 cordis
1019 1555 1098 1621 vitia
1127 1555 1162 1620 in
1185 1554 1323 1640 frigidae

197 1657 323 1743 cyathis
344 1657 482 1724 duobus.
506 1656 716 1743 Quinquefoli
738 1682 836 1725 sucus
849 1658 999 1724 iocineris
1013 1670 1046 1722 et
1059 1657 1220 1744 pulmonis
1234 1656 1321 1723 vitiis

197 1760 452 1849 sanguinemque
466 1761 673 1827 reicientibus
695 1773 728 1827 et
749 1761 939 1852 cuicumque
957 1759 1037 1826 vitio
1052 1757 1219 1846 sanguinis
1233 1757 1322 1822 intus

194 1861 349 1939 occurrit3
370 1863 503 1929 iocineri
524 1863 725 1951 anagallides
746 1863 825 1929 mire
848 1872 993 1948 prosunt
1029 1859 1165 1948 Capnon
1186 1858 1321 1924 herbam

195 1963 252 2048 qui
273 1964 366 2030 edere
388 1965 485 2030 bilem
505 1988 564 2051 per
586 1966 712 2030 urinam
733 1964 882 2031 reddunt.
910 1965 1040 2029 Acoron
1057 1962 1189 2029 iocineri
1210 1961 1320 2028 mede-

196 2077 258 2142 tur,
281 2065 402 2133 thoraci
424 2077 457 2132 et
478 2066 674 2152 praecordiis
696 2065 843 2132 daucum.

238 2168 289 2232 20.
313 2167 468 2254 Ephedra
488 2167 530 2232 ab
553 2167 624 2233 aliis
646 2167 795 2232 anabasis
817 2179 930 2234 vocata
944 2166 1090 2233 nascitur
1105 2178 1239 2233 ventoso
1253 2165 1321 2231 fere
1334 2174 1374 2226 ae·

194 2279 307 2348 tractu,
329 2269 486 2336 scandens
507 2269 655 2335 arborem
677 2279 710 2334 et
725 2292 766 2335 ex
780 2270 877 2335 ramis
891 2269 1105 2355 propendens,
1128 2266 1205 2335 folio
1219 2267 1320 2345 nullo,

195 2369 287 2437 cirris
308 2394 479 2436 numerosa
500 2371 556 2454 qui
579 2371 643 2436 sint
665 2371 751 2436 iunci
773 2370 956 2458 geniculati,
977 2370 1086 2435 radice
1100 2369 1231 2456 pallida.
1253 2368 1321 2434 Da·

195 2483 248 2537 tur
270 2496 310 2538 ex
332 2473 407 2538 vino
429 2473 523 2560 nigro
545 2482 673 2537 austero
696 2471 771 2536 trita
792 2472 834 2536 ad
856 2473 979 2550 tussim,
1004 2473 1154 2558 suspiria,
1184 2472 1322 2537 tormina

194 2583 228 2638 et
248 2571 423 2640 sorbitione
444 2574 530 2638 facta
550 2572 583 2636 in
606 2595 703 2658 quam
725 2573 835 2639 vinum
854 2573 931 2638 addi
949 2574 1100 2640 convenit
1107 2600 1116 2653 ;
1140 2574 1220 2639 item
1237 2596 1321 2662 gen-

195 2674 283 2738 tiana
308 2673 485 2742 madefacta
513 2675 617 2761 pridie
645 2675 778 2740 contrita
809 2676 920 2742 denari
954 2676 1098 2762 pondere
1128 2676 1162 2741 in
1197 2674 1322 2762 cyathis
1405 2679 1406 2682 ’

196 2775 262 2839 vini
286 2774 401 2841 tribus.

230 2999 309 3048 syron,
319 2986 343 3034 d.
355 2983 427 3045 siren,
437 2999 460 3034 a.
475 3001 538 3049 syro,
548 2986 593 3036 R'.
606 2986 662 3046 siro,
669 2987 702 3036 V.
714 2987 789 3045 sicea,
799 2987 844 3036 122.
856 3027 886 3036 ..
897 2994 926 3048 et,
936 2987 990 3036 Rd.
1001 2987 1153 3040 OmieeVa
1161 3026 1190 3037 ..
1201 2983 1324 3048 dispicere,

196 3052 248 3102 Ra
271 3049 376 3115 dp'aoea,
389 3053 444 3103 Vd.
463 3093 494 3102 -
518 3052 639 3118 elyymate,
652 3055 714 3105 VR.
734 3095 765 3104 ...
790 3053 1000 3116 Vettonice,R'd.
1020 3097 1051 3105 ..
1075 3063 1136 3116 tara,
1149 3056 1172 3104 d.
1192 3094 1223 3104 ..
1244 3049 1323 3116 pondo

196 3135 247 3168 cam
261 3118 332 3182 libra,
343 3121 377 3171 K.
388 3161 419 3169 -
431 3121 557 3182 semuncia,
569 3122 640 3171 R2'a.
657 3121 792 3184 semiuncia,
804 3123 870 3173 R'd.
888 3122 1038 3185 semiramia,
1051 3124 1085 3174 V.
1103 3121 1204 3181 hemina,
1217 3137 1278 3170 r...
1290 3119 1323 3168 bi-

198 3186 314 3249 bentibas3
324 3196 400 3252 „post
409 3189 435 3238 h.
445 3205 468 3238 v.
478 3189 504 3237 in
514 3191 539 3240 R
547 3198 687 3253 sequuntur
698 3190 838 3253 exprimitur
848 3207 918 3241 sacrm
928 3207 994 3253 aqua
1006 3189 1155 3254 madefactae
1163 3188 1219 3241 rell.
1226 3185 1254 3252 (ς
1261 3184 1323 3246 ba).

197 3255 271 3317 Quae
282 3258 315 3306 ad
326 3264 440 3307 nostrum
452 3258 538 3308 locum
551 3259 689 3322 pertinent:
706 3257 859 3308 erritoloellia
870 3259 933 3320 rell,
951 3267 1011 3322 post
1022 3261 1071 3310 tria
1082 3259 1144 3308 folia
1155 3266 1180 3308 et
1192 3257 1324 3307 dimidium

97 3385 100 3389 ι
197 3324 323 3388 leguntur,
343 3334 370 3374 ut
387 3325 492 3386 videtur,
511 3341 527 3374 a
543 3341 620 3376 manu
637 3328 732 3376 seriore
748 3329 847 3388 addita,
867 3328 960 3390 quippe
977 3341 1036 3376 cum
1053 3334 1222 3376 atramentum
1239 3331 1324 3373 cetero

197 3393 280 3441 molto
292 3393 388 3454 nigrius
401 3394 434 3442 sit
445 3401 471 3443 et
482 3395 640 3444 characteres
653 3410 755 3458 quoque
768 3410 822 3445 non
834 3395 885 3453 sint
895 3395 986 3456 iidem3
1004 3396 1030 3445 in
1042 3395 1158 3458 margine
1170 3393 1325 3455 adscriptum

198 3468 236 3509 est
247 3466 331 3510 vetere
342 3476 431 3511 mano:
455 3459 493 3509 bic
505 3462 571 3509 obest
581 3460 632 3522 ala,
648 3465 718 3526 quod
733 3464 761 3512 in
776 3463 822 3513 illo
838 3462 902 3512 folio
915 3465 1011 3521 eadem,
1027 3472 1057 3512 ut
1068 3464 1175 3522 videtur,
1191 3476 1270 3510 manu
1281 3461 1326 3508 ad·

198 3529 386 3590 scriptumest:
414 3526 452 3576 hie
467 3530 520 3592 ald
534 3527 615 3579 sab’t
637 3529 710 3580 IAN.
734 3571 765 3579 -
792 3529 929 3594 aperiam,
945 3531 1050 3581 VRad.
1077 3529 1201 3594 oporicen,
1217 3523 1270 3592 βγ.
1295 3567 1326 3576 ..

198 3593 289 3655 calida,
301 3597 352 3646 Ra
376 3594 458 3644 calida
469 3594 553 3644 cotidie
566 3596 702 3657 bibentibus,
715 3598 791 3648 VTd
809 3613 842 3648 ex
859 3599 1029 3660 superioribus
1046 3599 1114 3648 male
1125 3605 1275 3661 repetentes.
1295 3634 1326 3644 ..

198 3662 300 3722 adoino,
313 3665 343 3714 T.
366 3662 437 3724 asim,
448 3660 603 3728 VRadssr.
622 3705 653 3714 ..
669 3673 759 3728 potam,
771 3666 854 3716 VTd.
870 3673 960 3728 potam,
973 3683 996 3717 a.
1016 3674 1083 3729 pota,
1095 3661 1174 3729 Ββγ.

234 3733 303 3793 §bh
326 3731 542 3791 astumaatis,Vd.
570 3731 786 3793 ortamenticisAE.
813 3731 1000 3794 hastamoatieis,
1012 3749 1035 3784 a.
1056 3775 1086 3782 -
1108 3729 1242 3798 peucedani
1251 3745 1328 3788 meua,

200 3799 285 3848 VRd.
310 3797 580 3861 peucedanisfaeaaa.
600 3841 631 3850 ..
646 3800 793 3864 febries,R
813 3841 844 3851 ..
866 3809 930 3859 sunt,
948 3804 971 3851 d.
990 3843 1021 3852 ..
1045 3809 1069 3850 et
1084 3800 1109 3850 im
1124 3797 1329 3858 mulsi-datum,

202 3867 284 3914 omitt.
297 3866 352 3916 Rd.
372 3907 404 3916 ..
423 3882 538 3927 amomon,
550 3869 603 3918 Ra.
621 3885 729 3930 amomon,
742 3869 776 3918 V.
794 3885 900 3929 ememor,
914 3871 937 3919 d.

235 3935 250 3995 ξ
264 3937 304 3982 35.
327 3932 436 3994 Teucria,
449 3937 501 3986 Ra.
524 3935 631 3997 Terebia,
642 3939 699 3987 Vd.
722 3936 845 3996 Teucrion,
857 3938 888 3986 K.
907 3977 938 3986 ..
957 3935 1081 3996 heminam,
1094 3936 1150 3986 Vd.
1165 3975 1196 3985 ..
1214 3931 1331 3983 drachma

201 4015 258 4058 aaa,
271 4001 323 4050 Ra.
343 3999 478 4062 drachmae,
490 4004 546 4054 Vd.
565 4006 597 4053 ’-
615 4020 693 4068 aquae
705 4002 807 4063 calidae,
819 4005 901 4054 TKd.
923 4019 988 4066 aqua
1000 4001 1102 4064 calidae,
1114 4003 1146 4052 B.
1164 4017 1230 4065 aqua
1241 3998 1331 4060 calida,

201 4062 305 4132 Vassy.
326 4110 353 4117 -
375 4069 434 4130 vitii,
446 4072 480 4121 V.
500 4113 531 4121 ..
546 4070 668 4137 frigidae,
679 4073 842 4123 VRTKad.
858 4069 966 4136 frigida,
978 4067 1008 4132 β.
1028 4112 1059 4121 -
1076 4069 1236 4120 reiieientibas
1248 4077 1271 4116 et
1282 4067 1331 4116 cai·

202 4137 597 4268 reseret-amo
1020 4134 1332 4202 ..a
1356 4170 1360 4176 ·

207 4309 238 4320 ..
262 4269 363 4335 thoraci,
375 4243 480 4327 VRad.
508 4245 604 4325 eboraci
615 4245 713 4340 drogas,
728 4243 837 4341 (ᾖς’...
853 4243 1036 4335 daucum’lrin.
1053 4273 1122 4325 obss.
1140 4242 1195 4324 'erit
1212 4288 1237 4338 p.
1251 4241 1336 4324 sidet

83 4468 217 4520 ..t
