2918 4800
416 292 485 338 mn.
502 293 602 338 xxvr.
631 292 708 339 oss.
726 293 800 339 vm.
831 291 1027 339 sacrm-a.
1058 314 1061 319 -
1216 276 1276 340 183

159 443 242 508 Lien
265 443 349 532 acori
371 453 449 528 potu
472 442 678 520 consumitur,
701 442 895 528 praecordiis
919 455 950 507 et
971 441 1067 509 ilibus
1089 442 1276 509 utilissimae
1292 461 1321 507 77

157 545 291 623 radices,
314 544 452 628 clymeni
474 567 581 610 semen
604 556 715 630 potum
736 545 849 610 diebus
866 543 999 630 triginta·
1011 544 1152 630 pondere
1167 544 1277 610 denari

156 648 191 712 in
213 647 287 712 vino
308 646 391 723 albo,
413 645 601 712 Vettonicae
622 645 723 709 farina
746 669 786 710 ex
804 644 895 710 melle
911 656 943 710 et
957 655 1046 710 aceto
1062 645 1174 711 scillite
1189 659 1277 732 pota,

156 746 250 810 radix
271 746 453 813 lonchitidis
475 748 509 811 in
526 769 610 831 aqua
617 772 625 822 3
649 746 823 812 Teucriam
837 747 993 825 inlinitur,
1016 747 1094 812 item
1117 749 1277 813 scordium

156 870 229 913 cum
250 871 333 925 cera,
355 849 518 936 agaricum
541 871 613 913 cum
634 847 737 912 farina
758 872 775 912 e
798 849 869 913 feno
892 846 1030 914 Graeco.

198 949 251 1014 49.
273 948 409 1015 Vesicae
436 949 527 1014 malis
556 961 728 1032 contraque
756 949 894 1015 calculos
923 949 1123 1037 gravissimis
1153 951 1276 1016 crucia·
1292 966 1322 1013 78

157 1049 254 1129 tibus,
276 1063 313 1115 ut
334 1051 485 1130 diximus,
508 1050 626 1116 auxilio
649 1062 699 1115 est
719 1049 906 1115 Polemonia
929 1074 969 1116 ex
991 1051 1065 1117 vino
1086 1063 1172 1136 pota,
1199 1053 1278 1117 item

156 1151 329 1237 agaricum,
358 1155 509 1238 plantago
537 1152 623 1216 foliis
650 1154 700 1217 vel
722 1152 830 1216 radice
851 1153 938 1239 potis
961 1177 1002 1219 ex
1023 1176 1129 1239 passo,
1159 1153 1275 1219 Vetto-

157 1253 240 1329 nica,
262 1254 351 1318 utin
374 1254 511 1319 iocinere
535 1254 687 1330 diximus,
715 1254 792 1318 item
814 1254 926 1318 ramici
948 1265 1024 1340 pota
1051 1266 1148 1338 atque
1176 1255 1276 1333 inlita,

157 1353 270 1418 cadem
292 1356 333 1419 ad
355 1355 553 1441 strangurias
575 1355 806 1420 efficacissima.
829 1356 885 1421 Ad
900 1357 1036 1422 calculos
1051 1356 1182 1441 quidam
1195 1356 1276 1423 Vet-

157 1455 295 1520 tonicam
316 1468 347 1521 et
368 1457 579 1522 verbenacam
602 1467 635 1522 et
656 1456 853 1522 millefolium
875 1457 986 1543 aequis
1013 1457 1214 1544 portionibus
1236 1481 1277 1523 ex

154 1579 238 1642 aqua
257 1581 318 1644 pro
340 1558 494 1644 singulari
515 1559 656 1624 remedio
678 1558 787 1624 bibere
812 1559 956 1625 suadent,
979 1557 1189 1647 Strangurias
1209 1559 1276 1623 dis·
1290 1570 1321 1619 ⁷9
1424 1551 1426 1554 ’

155 1661 219 1724 cuti
248 1672 280 1724 et
308 1660 469 1727 dictamno
498 1670 618 1725 certum
639 1670 697 1738 est,
723 1659 801 1726 item
828 1660 1046 1744 quinquefolio
1075 1661 1205 1724 decocto
1234 1660 1275 1723 ad

156 1762 266 1826 tertias
287 1762 320 1825 in
342 1763 430 1840 vino3
453 1762 514 1829 hoc
536 1772 568 1827 et
589 1761 806 1827 enterocelicis
829 1762 899 1825 dari
920 1773 1015 1847 atque
1029 1761 1121 1826 inlini
1142 1761 1275 1826 utilissi-

154 1884 242 1927 mum
264 1873 321 1926 est.
349 1863 456 1950 Xiphi
478 1885 605 1948 quoque
627 1863 720 1928 radix
743 1863 888 1949 superior
909 1863 1036 1928 urinam
1058 1864 1120 1928 ciet
1140 1862 1274 1926 infanti·

154 1962 227 2042 bus,
256 1965 473 2031 enterocelicis
499 1965 595 2029 datur
621 1987 661 2029 ex
689 1987 774 2048 aqua
801 1974 833 2028 et
855 1963 1000 2028 inlinitur
1022 1965 1150 2030 vesicae
1173 1964 1274 2038 vitiis;

128 2056 333 2150 'peucedani
363 2089 459 2131 sucus
486 2066 659 2130 infantium
688 2065 800 2131 ramici
827 2077 859 2129 et
880 2064 1040 2130 umbilicis
1063 2064 1275 2130 eminentibus

153 2167 293 2253 psyllion
324 2167 478 2232 inlinitur.
523 2160 661 2233 Urinam
690 2168 774 2232 cient
801 2167 1013 2253 anagallides,
1047 2167 1131 2231 acori
1158 2165 1274 2230 radicis
1289 2181 1321 2226 so

154 2267 318 2334 decoctum
340 2267 391 2334 vel
411 2268 483 2355 ipsa
504 2268 579 2334 trita
600 2280 750 2355 potaque,
775 2279 805 2333 et
827 2270 933 2334 omnia
955 2268 1081 2334 vesicae
1099 2268 1185 2345 vitia,
1209 2268 1274 2333 cal-

155 2368 242 2434 culos
264 2381 297 2433 et
316 2368 416 2435 herba
438 2381 470 2435 et
496 2369 588 2434 radix
615 2369 813 2455 cotyledonis
840 2369 980 2453 itemque
1007 2369 1196 2456 genitalium
1223 2369 1273 2432 in-

153 2468 398 2536 flammationem
426 2493 552 2536 ornnem
579 2471 650 2558 pari
675 2472 816 2557 pondere
845 2481 877 2537 et
903 2471 1002 2536 caulis
1030 2482 1061 2536 et
1090 2470 1220 2537 seminis
1243 2482 1275 2535 et

153 2594 289 2638 murrae.
325 2572 469 2638 Ebulum
497 2574 616 2638 teneris
645 2595 718 2638 cum
743 2573 826 2638 foliis
853 2574 963 2638 tritum
991 2597 1032 2638 ex
1060 2573 1134 2638 vino
1162 2585 1274 2660 potum

154 2675 291 2740 calculos
314 2675 413 2760 pellit,
437 2675 612 2761 inpositum
635 2675 726 2741 testis
749 2687 849 2740 sanat.
872 2674 1033 2761 Erigeron
1051 2696 1178 2760 quoque
1201 2699 1274 2740 cum
1288 2689 1316 2735 sl

150 2855 215 2911 pcto,
227 2865 247 2898 r.
266 2890 297 2899 ..
321 2848 413 2912 scillite,
430 2851 483 2901 Rd.
506 2848 598 2911 scillite,
612 2845 698 2901 OV'I'.
722 2891 754 2900 ..
782 2849 914 2911 Teucriam,
931 2851 1015 2901 VRd.
1039 2858 1061 2898 et
1083 2849 1214 2910 Teucriam,
1230 2844 1274 2912 ,97

153 2917 186 2965 ad
198 2919 326 2980 superiora
337 2918 480 2969 referentes.
500 2960 531 2968 ..
547 2918 638 2981 somna
649 2935 668 2980 e,
687 2920 723 2968 ita
731 2934 779 2969 nos
791 2919 943 2982 scripsimus.
958 2918 1065 2980 farinae,
1078 2919 1162 2969 VRd.
1172 2917 1273 2981 farina,

153 2979 204 3048 βγ.
225 3026 254 3033 -
265 2984 341 3047 foeno
357 2985 457 3048 Graeco,
469 2985 554 3037 Vssd.
564 2985 637 3049 foeni
650 2985 747 3049 Graeci,
757 2982 808 3051 βγ.

187 3072 202 3132 ξ
216 3072 254 3119 78.
280 3068 377 3119 Vesicae
389 3069 466 3132 malis,
483 3072 519 3122 ita
535 3079 601 3121 recte
611 3070 768 3135 interpunxit
779 3070 868 3130 Hard,
884 3086 943 3120 cum
954 3072 1033 3134 vulgo
1044 3066 1066 3132 β
1078 3073 1141 3121 haec
1153 3069 1275 3120 referren-

153 3143 194 3185 tur
205 3138 236 3185 ad
249 3139 386 3200 superiora.
405 3180 436 3187 -
460 3138 484 3187 in
495 3137 651 3202 pravissimas,
664 3140 695 3188 Κ.
719 3179 751 3188 ..
774 3135 877 3186 dicimus
889 3145 930 3199 25,
943 3142 983 3188 23.
997 3179 1029 3188 -
1044 3137 1117 3201 soliis
1134 3136 1171 3186 uel
1185 3135 1274 3197 radice,

153 3205 238 3257 VRd.
260 3202 341 3253 radice
358 3204 482 3269 oelsoliis,
497 3202 547 3268 βγ.
570 3247 601 3254 -
630 3205 759 3265 Vettonica,
772 3205 856 3255 VRd.
875 3213 897 3253 et
919 3205 1049 3266 Vettonica,
1064 3201 1094 3266 β
1118 3247 1149 3254 ..
1173 3203 1275 3252 dicimus

154 3266 220 3327 §³5.
240 3313 271 3322 ..
294 3271 383 3334 rumiti,
396 3274 478 3323 VRd.
503 3314 534 3321 ..
557 3271 659 3332 iuliade,
672 3274 704 3322 V.
729 3313 759 3321 -
783 3270 1108 3335 succlamamus.
1130 3270 1223 3335 quidem
1241 3268 1276 3318 ud

153 3337 263 3401 calculos,
276 3342 331 3390 Vd.
351 3381 383 3391 ...
400 3339 550 3404 millefolium,
563 3341 596 3390 V.

187 3427 201 3486 §
215 3427 255 3474 ⁷9.
274 3423 377 3484 discutit,
389 3425 465 3476 VR'.
485 3466 515 3474 ..
535 3433 558 3472 et
568 3423 694 3486 dictamno,
706 3424 768 3475 VR.
787 3441 799 3472 e
811 3422 938 3487 dictamno,
952 3427 1006 3476 Td.
1019 3467 1050 3476 -
1064 3423 1107 3474 boc
1118 3432 1147 3486 et,
1160 3425 1214 3474 Rd.
1232 3421 1294 3479 boc,

153 3499 195 3550 ert,
207 3493 240 3541 V.
263 3490 306 3541 boc
322 3491 346 3540 in
362 3492 424 3553 vino,
442 3494 516 3543 codd.
533 3492 588 3544 Gal.
612 3533 644 3542 ..
672 3491 833 3551 interocelicts,
849 3493 912 3543 VB.
941 3535 971 3542 -
995 3491 1108 3556 Exsipbi,
1125 3492 1173 3542 12².
1196 3488 1274 3553 sipla,

153 3560 250 3610 VR'd.
261 3559 387 3619 ,Ceterum
400 3577 422 3611 v.
434 3561 550 3610 Dioscor.
563 3569 587 3621 4,
600 3566 640 3610 20.
664 3601 695 3610 -
719 3559 882 3621 enterocelicis,
895 3562 950 3612 Vd.
973 3559 1134 3621 interocelicis,
1146 3561 1178 3610 R.
1196 3558 1274 3607 icteri-

152 3625 226 3742 cisilr.
246 3668 277 3676 ..
295 3627 430 3691 infantium,
442 3629 513 3679 R²d.
530 3627 670 3693 irffuutt'bus,
684 3622 785 3680 ovat
805 3670 836 3678 -
854 3628 943 3691 reniti,
955 3630 1041 3679 VRd.
1056 3669 1087 3678 ..
1104 3625 1273 3692 psyllmu,R².

149 3710 184 3759 py
203 3693 250 3755 ion,
262 3696 359 3746 VB¹d.

187 3780 256 3843 580.
273 3779 429 3839 anucallides‚
441 3782 503 3834 vn
523 3823 554 3832 -
578 3781 651 3844 acori,
664 3783 748 3832 vssd.
768 3781 885 3845 ucoriqae,
897 3777 947 3845 βγ.
962 3823 992 3832 ,.
1009 3789 1112 3845 potaque
1128 3779 1199 3828 etiam
1216 3779 1274 3827 vesi-

152 3862 202 3906 cae,
214 3863 234 3896 r.
252 3889 283 3896 -
304 3846 370 3909 vitiu,
382 3849 466 3900 VRd.
484 3849 542 3899 vitm
557 3858 636 3913 sanat,
648 3846 700 3915 βγ.
720 3851 756 3899 At
772 3851 847 3899 enam
861 3849 922 3900 alibi
934 3851 1000 3900 Plin.
1013 3851 1118 3900 verbum
1129 3862 1217 3896 sanare
1229 3861 1274 3910 per

152 3929 260 3978 zeugma
276 3915 383 3966 omittit:
406 3933 490 3966 carues
507 3918 556 3966 eius
568 3916 757 3967 „coxendicum
769 3915 861 3966 dolores
873 3915 989 3979 (sanant)
1002 3924 1042 3978 20,
1057 3921 1105 3978 15,
1123 3915 1167 3965 iris
1178 3914 1273 3978 mesa-

153 3981 241 4038 tussim,
260 3981 369 4042 termina,
385 3982 518 4047 inflationes
530 3993 598 4048 pote,
614 3983 687 4033 lienes
703 4000 732 4032 ex
746 3993 812 4034 aceto
828 3983 927 4048 (sanat)
944 3991 984 4045 tl,
1002 3989 1059 4034 140.
1078 4023 1110 4034 ..
1128 3981 1230 4032 calculos
1244 3990 1275 4042 et,

151 4050 187 4098 its
198 4065 246 4100 nos
259 4051 403 4114 scripsimus
415 4053 506 4115 partim
521 4067 554 4102 ex
566 4054 597 4102 R.
616 4050 731 4101 calculare
747 4060 778 4114 et,
790 4053 887 4102 VR¹d.
906 4049 935 4100 de
952 4050 1054 4101 cubulos
1070 4060 1100 4114 et,
1117 4051 1167 4102 1³².
1186 4059 1209 4100 et
1224 4049 1274 4100 cal·

152 4114 224 4179 calos,
236 4112 287 4181 βγ.
308 4157 337 4166 -
356 4134 452 4181 emuem,
464 4121 543 4169 VR2'.
562 4119 652 4170 Omitt.
664 4120 699 4169 ΕΙ
708 4120 777 4169 Tdr.
799 4159 825 4168 ..
846 4128 869 4168 et
880 4117 956 4169 caulis
967 4127 990 4167 et
1000 4118 1102 4181 seminas,
1115 4120 1177 4170 VR.
1197 4116 1274 4170 caulis

152 4192 176 4231 et
186 4185 288 4246 seminis,
301 4181 374 4251 ᾱβγ.
392 4184 486 4235 seminis
498 4185 580 4248 caulei,
592 4187 624 4237 K.
645 4228 675 4236 ..
696 4186 788 4248 teneris,
800 4187 849 4237 R².
869 4195 978 4250 tenerum,
994 4179 1148 4239 0VR¹Td

186 4272 201 4335 5
215 4276 255 4323 sl.
273 4269 398 4336 superos,
409 4272 443 4322 V.
