2918 4800
200 276 261 342 108
552 293 755 340 narunanrs
777 268 973 340 merdanus

198 443 248 508 dis
276 443 372 509 etiam
399 441 582 528 adscripta?
610 444 696 510 unde
725 444 861 511 arbitror
889 453 1000 509 natum
1026 453 1062 507 ut
1090 441 1273 528 Aeschylus
1302 462 1364 507 err

197 543 422 610 vetustissimis
447 543 482 607 in
507 543 633 629 poetica
657 536 810 610 ¹refertam
831 544 957 609 Italiam
983 543 1155 610 herbarum
1177 544 1321 630 potentia

196 646 347 729 proderet
366 645 521 729 multique
545 641 700 725 Circeios,
729 647 785 711 ubi
806 645 965 712 habitavit
990 645 1055 722 illa,
1082 666 1200 731 magno
1221 667 1319 732 argu-

196 755 302 811 mento
329 745 511 811 etiamnunc
538 746 672 811 durante
694 747 729 811 in
750 745 870 812 Marsis
893 770 912 811 a
933 746 998 811 filio
1028 745 1098 810 eius
1120 756 1191 810 orta
1211 756 1319 832 gente,

195 847 346 929 quoniam
367 869 438 912 esse
453 847 626 912 domitores
642 849 840 933 serpentium
855 857 987 913 constat.
1010 846 1173 911 Homerus
1189 846 1319 929 quidem

193 946 318 1033 primus
345 948 563 1013 doctrinarum
591 958 624 1012 et
649 948 846 1032 antiquitatis
872 971 1001 1035 parens,
1029 948 1148 1013 multus
1178 946 1256 1012 alias
1285 947 1317 1011 in

193 1049 404 1115 admiratione
428 1049 553 1128 Circae,
575 1049 711 1135 gloriam
731 1049 903 1117 herbarum
926 1049 1079 1137 Aegypto
1102 1047 1222 1126 tribuit,
1245 1072 1318 1114 cum

194 1151 290 1216 etiam
311 1161 382 1216 tum
402 1173 483 1235 quae
505 1149 630 1237 rigatur
644 1151 820 1238 Aegyptus
841 1152 896 1218 illa
916 1173 981 1215 non
1004 1160 1099 1229 esset,
1122 1161 1235 1236 postea
1256 1151 1317 1215 flu-

193 1252 289 1325 minis
309 1251 386 1317 limo
408 1251 546 1318 invecta.
579 1250 710 1318 Herbas
733 1263 818 1318 certe
840 1252 1022 1338 Aegyptias
1044 1253 1084 1316 ab
1108 1251 1195 1340 regis
1217 1273 1364 1316 uxorem

194 1353 328 1418 traditas
350 1352 495 1418 Helenae
523 1375 598 1418 suae
627 1352 794 1439 plurumas
821 1363 928 1418 narrat
955 1376 994 1419 ac
1021 1353 1128 1420 nobile
1157 1352 1238 1419 illud
1259 1375 1317 1418 ne-

193 1454 330 1540 penthes
352 1452 545 1520 oblivionem
568 1455 714 1519 tristitiae
737 1456 927 1538 veniamque
957 1455 1107 1521 adferens
1130 1465 1163 1521 et
1184 1453 1224 1519 ab
1246 1454 1316 1520 He-

193 1555 267 1622 lena
287 1556 398 1640 utique
421 1555 577 1621 omnibus
589 1554 776 1624 mortalibus
789 1556 1035 1642 propinandum.
1060 1556 1191 1622 Primus
1210 1568 1317 1621 autern

195 1657 347 1736 omnium,
376 1679 456 1741 quos
483 1659 635 1735 memoria
661 1657 761 1737 novit,
793 1655 945 1744 Orpheus
966 1658 1007 1723 de
1028 1656 1137 1723 herbis
1159 1656 1318 1722 curiosius

194 1759 300 1843 aliqua
320 1757 473 1844 prodidit,
496 1769 571 1844 post
593 1781 667 1824 eum
680 1757 838 1824 Musaeus
860 1770 891 1823 et
913 1758 1079 1825 Hesiodus
1101 1758 1224 1845 polium
1244 1759 1342 1822 her-·

194 1858 268 1925 bam
289 1859 324 1924 in
345 1871 500 1944 quantum
521 1859 626 1939 mirati
648 1859 713 1925 sint
740 1859 894 1938 diximus,
924 1858 1076 1947 Orpheus
1102 1870 1135 1924 et
1155 1858 1318 1924 Hesiodus

194 1960 373 2026 suffitiones
396 1961 657 2027 conmendavere.
680 1960 845 2027 Homerus
861 1971 892 2028 et
905 1961 986 2027 alias
1001 1960 1188 2026 nominatim
1202 1959 1318 2026 herbas
1334 1981 1364 2026 ra

196 2060 344 2141 celebrat,
373 2085 453 2147 quas
481 2063 548 2128 suis
569 2062 647 2129 locis
669 2062 831 2141 dicemus3
860 2062 901 2127 ab
929 2085 966 2128 eo
987 2062 1191 2151 Pythagoras
1212 2062 1318 2127 clarus

196 2164 353 2250 sapientia
373 2165 498 2250 primus
520 2166 670 2230 volumen
689 2165 730 2230 de
745 2165 862 2230 effectu
877 2188 988 2231 earum
1003 2165 1191 2250 composuit,
1213 2161 1317 2249 Apol-

193 2263 261 2344 lini,
290 2265 486 2351 Aesculapio
514 2277 546 2331 et
573 2265 608 2331 in
635 2275 735 2330 totum
763 2267 812 2331 dis
833 2264 1055 2332 inmortalibus
1081 2263 1265 2330 inventione
1288 2272 1320 2329 et

194 2365 319 2453 origine
341 2367 523 2452 adsignata,
546 2367 727 2452 composuit
741 2377 772 2433 et
786 2366 1004 2446 Democritus,
1028 2365 1122 2432 ambo
1138 2364 1319 2452 peragratis

195 2466 349 2546 Persidis,
377 2467 530 2546 Arabiae,
558 2466 763 2554 Aethiopiae,
792 2468 936 2556 Aegypti
963 2468 1081 2554 magis,
1111 2467 1256 2552 adeoque
1278 2465 1320 2530 ad

194 2568 274 2633 haec
294 2568 430 2633 attonita
452 2569 624 2653 antiquitas
646 2570 708 2635 fuit
727 2580 763 2635 ut
778 2569 996 2634 adfirmaverit
1011 2570 1106 2635 etiam
1121 2564 1321 2635 incredibilia

196 2669 293 2735 dictu.
327 2669 482 2735 Xanthus
503 2670 708 2736 historiarum
730 2681 842 2736 auctor
863 2670 897 2736 in
918 2671 1023 2758 prima
1051 2693 1161 2736 earum
1188 2669 1321 2735 tradidit
1334 2690 1365 2734 14

164 2790 166 2794 ’
195 2770 336 2836 occisum
358 2771 505 2860 draconis
519 2772 658 2838 catulum
671 2782 855 2838 revocatum
869 2773 911 2837 ad
925 2773 1025 2838 vitam
1038 2795 1059 2836 a
1072 2781 1206 2859 parente
1219 2772 1321 2837 herba

195 2893 293 2956 quam
313 2870 587 2950 ballimnominat
609 2874 785 2958 eademque
808 2872 968 2959 Tylonem
995 2896 1092 2958 quem
1113 2874 1212 2939 draco
1233 2872 1318 2939 occi·

196 2971 289 3037 derat
309 2974 491 3040 restitutum
513 2975 609 3040 saluti
615 2999 624 3052 3
654 2986 687 3040 et
707 2974 791 3042 Iuba
811 2975 845 3040 in
867 2975 992 3042 Arabia
1012 2973 1113 3041 herba
1134 2983 1320 3040 revocatum

230 3179 276 3241 dic,
288 3185 333 3235 ad.
351 3181 393 3232 dec
412 3184 446 3235 V.

230 3252 244 3313 §
264 3257 303 3300 ll.
329 3221 473 3318 Aeschylus,
493 3247 539 3301 καλ
555 3248 610 3318 γὰρ
626 3249 761 3321 Αἰσχύλος
775 3251 805 3303 ἐν
822 3251 882 3311 τοῖς
897 3248 1033 3317 ἐλεγείοις
1049 3249 1090 3310 ὡς
1105 3246 1319 3316 πολυφάρμακον

195 3314 271 3382 λέγει
282 3316 330 3385 τὴν
346 3313 510 3388 Τυρρηνίαν·
526 3314 664 3389 Τυρρηνὸν
676 3317 774 3387 γενεὰν
787 3318 993 3388 φαρμακοποιὸν
1007 3315 1101 3382 ἔθνος,
1115 3320 1247 3383 Theophr.
1260 3320 1320 3369 hist.

196 3387 276 3451 plant.
287 3387 335 3438 IX.
350 3394 390 3449 15,
405 3395 426 3439 1.
445 3430 477 3439 ..
496 3389 637 3451 etiamnunc,
649 3391 724 3441 Vad.
748 3390 880 3452 etiamnum,
892 3385 943 3454 βγ.
963 3431 993 3438 -
1004 3387 1069 3453 fllio,
1083 3390 1127 3438 ad.
1145 3385 1222 3451 solia,
1235 3386 1268 3436 V.
1289 3428 1319 3435 -

196 3457 324 3516 orta,Vd.
351 3455 452 3519 illorum,
465 3457 498 3508 K.
511 3458 568 3509 Om.
581 3475 604 3508 a.
623 3499 654 3508 -
678 3457 796 3522 quoniam,
809 3459 864 3508 Vd.
891 3461 943 3521 quo,
956 3474 979 3507 a.
1007 3452 1132 3521 quoassr.
1154 3497 1184 3504 -
1202 3454 1322 3505 Homerus

197 3522 288 3587 Odyss.
305 3521 329 3585 d,
342 3530 400 3575 228.
420 3566 451 3574 -
474 3523 628 3586 multis,Vd.
648 3567 679 3575 -
706 3524 797 3587 Circae,
814 3518 915 3576 ovam.
945 3521 1035 3585 Circes,
1051 3519 1102 3588 βγ.
1127 3564 1157 3572 ..
1183 3521 1270 3587 ylort'a,
1286 3524 1320 3572 V.

199 3631 230 3639 ..
252 3591 323 3640 etiam
340 3599 394 3654 tum,
412 3584 522 3643 &vnn
549 3593 627 3655 ctiam,
645 3609 661 3644 a
678 3590 763 3657 (codd.
777 3590 846 3655 Gal.)
861 3588 912 3656 βγ.
935 3635 966 3642 -
995 3591 1050 3641 le'mo
1065 3591 1164 3652 invecta,
1180 3593 1216 3641 ad
1234 3588 1320 3652 (codd.

198 3657 269 3722 Get.)
296 3657 343 3708 lino
360 3659 468 3720 innectat,
481 3661 515 3710 V.

232 3728 299 3788 §la
325 3726 421 3777 Herbae
438 3735 464 3777 et
479 3726 620 3793 Aegyptias,
637 3743 659 3779 a.
686 3728 777 3780 Herbis
795 3735 820 3778 ct
835 3726 969 3793 Aegyptiis,
981 3728 1005 3776 d.
1032 3724 1122 3777 Herbis
1134 3734 1160 3776 et
1171 3723 1283 3790 Aegypti,
1297 3727 1323 3776 V

198 3790 309 3854 (duabus
324 3795 414 3846 litteris
430 3792 527 3857 erasis).
552 3838 582 3845 -
610 3795 654 3857 ab,
671 3797 746 3846 Vad.
772 3812 803 3858 a,
818 3791 870 3860 βγ.
893 3837 924 3845 ..
950 3793 1058 3845 Helenae
1073 3810 1145 3855 suae,
1161 3794 1238 3844 Vad.
1264 3809 1323 3841 auae

199 3857 376 3926 Helenae,ss7.
393 3904 424 3913 -
449 3861 594 3926 rlepbentes,
607 3879 630 3914 a.
658 3861 886 3927 deneptemewd.
905 3903 936 3912 ...
957 3860 1145 3925 polium,Vad.
1168 3856 1322 3925 policastr.

199 3968 233 4004 7
250 3927 359 4046 wilda
374 3945 422 3982 nos
434 3932 588 3995 scripsimus.
614 3927 814 3997 suutvadssr.
834 3972 864 3981 -
887 3928 991 3979 dicimur
1007 3935 1173 3993 21,44.145.
1194 3970 1224 3978 -
1248 3928 1324 3992 suffu-

198 4002 279 4055 stmea,
340 4031 346 4045 .

233 4064 301 4126 513.
328 4079 401 4127 quos,
418 4067 442 4114 d.
469 4067 595 4130 quu,Va.
620 4109 651 4116 -
679 4066 821 4130 sapientiae,
835 4083 858 4116 a.
882 4107 913 4115 ..
939 4066 1024 4129 effectu
1039 4067 1216 4128 earum,Vad.
1243 4080 1323 4114 eorum

199 4129 292 4193 effectu,
303 4125 354 4194 βγ.
374 4172 404 4181 ..
423 4130 575 4198 Aesculapio,
587 4136 663 4186 VTd
675 4133 798 4197 (Sessor.)
820 4132 1018 4197 Aesculapioque,
1031 4130 1102 4198 assr.
1124 4175 1153 4183 -
1171 4132 1324 4196 Aethiopiae-

199 4214 252 4261 que,
264 4198 361 4250 Sessor.
380 4241 410 4248 -
433 4200 546 4266 aeqypti,
559 4205 603 4253 ad.
625 4201 748 4267 Aeqyptii,
760 4203 794 4254 V.
817 4201 973 4267 Aegyptique,
985 4198 1035 4266 βγ.
1054 4243 1084 4252 ..
1102 4201 1190 4265 plecte,
1208 4203 1325 4251 Perizon.

200 4267 409 4318 anhelanter.
423 4269 517 4330 hisae,
532 4273 570 4322 rt.
591 4312 620 4321 -
646 4269 758 4333 adeoque,
771 4274 815 4321 ad.
838 4286 920 4333 aeque,
933 4271 959 4320 V
975 4266 1085 4330 (duabus
1100 4269 1191 4320 littoris
1208 4271 1239 4320 ab
1251 4269 1324 4319 initio
