2918 4800
425 309 494 354 arn.
512 306 639 355 xxvrn.
670 308 747 355 cnr.
764 310 811 355 w.
842 307 940 355 sacr.
956 309 1026 352 s-n.
1217 293 1279 386 ²⁶⁷,

157 469 268 524 rantur
294 459 328 522 in
357 459 468 523 faciem
496 474 553 523 eut
580 461 606 525 si
633 461 726 548 virgo
754 461 866 526 dextro
893 459 1006 544 pollice
1036 461 1190 547 attingat,
1219 460 1279 524 hac

157 561 521 626 coniecturecensentes
536 561 677 647 virgines
693 563 797 626 carnis
811 561 961 626 edendae.
981 561 1159 626 Aeschines
1174 561 1278 626 Athe·
1291 578 1324 621 44

158 661 281 726 niensis
303 673 579 727 excrementorum
608 663 714 728 cinere
736 663 863 749 anginis
884 664 1072 729 medebatur
1093 675 1123 728 et
1145 664 1279 729 tonsillis

156 763 292 847 uvisque
314 775 347 827 et
367 763 606 838 carcinomatis;
629 765 689 830 hoc
702 764 965 830 medicamentum
981 765 1116 830 vocabat
1131 765 1278 848 botryon.

156 863 263 929 Multa
283 887 403 950 genera
424 866 607 930 morborum
629 865 734 951 primo
758 866 843 931 coitu
866 867 1030 930 solvuntur
1047 867 1213 951 primoque
1228 866 1277 929 fe·

156 967 316 1031 minarum
341 989 451 1031 mense
480 978 551 1045 aut,
583 967 610 1031 si
636 968 698 1032 hoc
717 990 783 1031 non
805 967 976 1053 contingit,
1005 968 1178 1053 longinqua
1199 968 1279 1033 fiunt

156 1091 371 1152 maxumeque
400 1069 582 1134 comitiales.
621 1068 711 1150 Quin
738 1080 769 1134 et
801 1092 820 1132 a
849 1082 997 1154 serpente
1025 1080 1081 1134 aut
1110 1070 1278 1154 scorpione

158 1189 330 1250 percussos
363 1169 450 1234 coitu
479 1169 578 1234 levari
605 1171 760 1257 produnt,
793 1193 904 1234 verum
933 1170 1068 1234 feminas
1095 1193 1211 1234 venere
1241 1192 1279 1234 ea

156 1269 248 1334 laedi.
286 1267 463 1336 Oculorum
490 1272 570 1337 vitia
595 1272 664 1337 fieri
691 1283 810 1358 negant
832 1295 891 1336 nec
911 1272 1030 1356 lippire
1053 1294 1108 1337 eos
1130 1271 1185 1355 qui
1206 1294 1277 1336 cum

156 1372 257 1457 pedes
278 1372 388 1437 lavant
409 1395 494 1457 aqua
514 1374 590 1438 inde
612 1384 662 1439 ter
683 1374 793 1439 oculos
816 1383 958 1459 tangant.

201 1477 250 1537 11.
284 1473 449 1539 Inmatura
475 1487 578 1540 morte
605 1487 771 1561 raptorum
799 1499 897 1540 manu
919 1487 1074 1554 strumae,
1104 1476 1277 1562 parotidas,
1291 1491 1323 1534 ⁴5

156 1584 290 1662 guttura
317 1586 405 1641 tactu
433 1577 537 1640 sanari
565 1577 751 1654 adfirmant,
785 1577 915 1661 quidam
944 1599 1023 1643 vero
1049 1577 1279 1660 cuiuscumque

157 1675 315 1755 defuncti,
343 1678 510 1742 dumtaxat
532 1679 583 1743 sui
606 1701 719 1756 sexus,
745 1678 837 1742 laeva
859 1702 957 1743 manu
979 1688 1108 1754 aversa3
1137 1689 1170 1741 et
1190 1678 1279 1762 ligno

157 1776 286 1862 fulgure
314 1778 379 1845 icto
408 1780 535 1845 reiectis
563 1791 639 1866 post
666 1791 757 1868 terga
781 1779 930 1844 manibus
953 1780 1134 1845 demorderi
1155 1778 1279 1861 aliquid

157 1888 190 1941 et
216 1878 257 1942 ad
285 1880 413 1945 dentem
443 1883 499 1966 qui
526 1882 632 1946 doleat
664 1882 828 1946 admoveri
862 1882 1002 1947 remedio
1030 1904 1101 1947 esse
1126 1881 1277 1968 produnt.

157 1977 242 2044 Sunt
263 1983 319 2064 qui
340 1983 537 2070 praecipiant
558 1985 688 2050 dentem
712 1983 816 2048 suffiri
838 1983 935 2048 dente
956 1984 1093 2048 hominis
1116 1984 1165 2049 sui
1181 2004 1278 2047 sexus

156 2093 189 2146 et
211 2105 283 2147 eum
306 2085 361 2167 qui
387 2085 521 2150 caninus
549 2096 682 2152 vocetur
707 2085 869 2169 insepulto
892 2096 1077 2172 exemptum
1099 2083 1275 2168 adalligari.

156 2182 290 2249 Terram
311 2208 328 2250 e
350 2186 488 2250 calvaria
503 2182 672 2271 psilotrum
687 2209 757 2251 esse
770 2185 996 2272 palpebrarum
1012 2187 1152 2263 tradunt,
1175 2182 1276 2248 herba
1289 2199 1322 2242 46

155 2306 243 2364 vero,
268 2287 294 2350 si
316 2309 381 2371 qua
400 2287 447 2352 ibi
468 2288 578 2375 genita
601 2288 652 2366 sit,
676 2288 930 2353 conmanducata
949 2288 1053 2352 dentis
1073 2288 1203 2363 cadere,
1226 2285 1276 2349 ul-

156 2410 230 2451 cera
251 2409 315 2452 non
337 2411 465 2474 serpere
492 2413 563 2455 osse
589 2390 727 2454 hominis
755 2389 1006 2475 circumscripta.
1043 2389 1113 2453 Alii
1134 2412 1153 2454 e
1175 2388 1277 2452 tribus

155 2490 261 2574 puteis
288 2490 359 2575 pari
386 2514 535 2556 mensura
561 2514 661 2576 aquas
683 2492 816 2556 miscent
837 2501 868 2555 et
889 2490 1051 2577 prolibant
1071 2513 1154 2557 novo
1176 2487 1276 2566 fictili,

155 2589 289 2656 relicum
316 2592 394 2656 dant
419 2594 452 2656 in
479 2593 623 2658 tertianis
645 2616 777 2660 accessu
798 2593 934 2658 febrium
958 2593 1150 2672 bibendum3
1179 2593 1277 2656 iidem

155 2691 190 2754 in
213 2694 378 2776 quartanis
400 2695 615 2784 fragmentum
643 2695 724 2761 clavi
745 2719 765 2759 a
787 2716 882 2760 cruce
903 2695 1082 2760 involutum
1102 2696 1176 2760 lana
1198 2693 1278 2759 collo

157 2793 347 2860 subnectunt
368 2807 425 2861 aut
446 2807 589 2884 spartum
610 2821 628 2863 e
648 2820 741 2864 cruce
763 2796 960 2880 liberatoque
981 2798 1123 2862 condunt
1138 2818 1276 2862 caverna

156 2918 252 2980 quam
279 2898 327 2962 sol
348 2922 412 2964 non
435 2900 583 2986 attingat.

190 3046 259 3107 §ta
283 3045 422 3112 Semnum,
434 3050 468 3099 V.
488 3091 519 3098 -
538 3065 690 3112 quacumque,
702 3050 733 3099 R.
761 3065 952 3112 caprarumque,
966 3044 1068 3112 Vdssy.
1089 3089 1119 3097 ..
1138 3044 1276 3110 caprinam,

157 3113 212 3163 vd.
231 3155 262 3163 ..
287 3131 341 3177 ara,
359 3118 391 3167 R.
410 3158 441 3166 -
466 3115 713 3180 conlapsorum,VR.
739 3133 790 3164 cum
809 3115 938 3179 lapsorum,
955 3109 982 3165 θ.
1011 3115 1136 3179 lapsorum,
1153 3110 1225 3227 d&
1245 3153 1276 3161 .-

1205 3217 1211 3231 ·
1235 3195 1277 3228 808

156 3196 289 3245 campere,
301 3185 335 3234 V.
358 3183 491 3248 eaurpueri,
503 3185 570 3234 Rd¹.
594 3184 685 3247 exurpi,
699 3186 741 3233 d'2.
760 3225 790 3232 -
814 3191 956 3246 purpuratur,
969 3184 1003 3232 V.
1023 3224 1054 3232 -
1073 3198 1167 3245 eaeque,

156 3263 225 3310 quae,
237 3250 270 3298 V.
294 3254 426 3315 pequaR.
449 3268 513 3316 eque,
526 3255 550 3302 d.
573 3250 704 3315 arquata,
716 3245 767 3315 βγ.
787 3291 818 3298 ..
836 3250 979 3312 reserantur,
992 3252 1016 3299 d.
1042 3249 1227 3313 siffercmurffl.
1252 3264 1277 3296 se
1352 3290 1355 3295 .

148 3341 271 3405 feralior,
283 3344 316 3392 V.
329 3384 356 3392 -
372 3344 491 3409 adaquat,
500 3346 533 3395 V.
547 3387 578 3394 -
591 3343 645 3406 buc,
658 3346 682 3394 d.
701 3342 766 3404 baec,
775 3345 838 3394 VR.
853 3383 884 3392 ..
897 3342 1037 3404 coniectura,
1046 3344 1072 3391 V
1080 3346 1118 3392 2d.
1136 3348 1277 3401 contectura,

130 3428 133 3433 ·
156 3411 204 3460 Vl.
222 3418 367 3472 contextura,
379 3412 411 3461 B..
431 3453 461 3461 ..
480 3412 587 3477 cirpiais,
599 3414 632 3463 Κ.
647 3454 677 3461 -
696 3410 823 3472 sedandae,
836 3412 870 3460 V.

190 3481 258 3542 §la
277 3477 415 3542 lucerinae,
429 3482 461 3531 V.
480 3523 512 3531 ..
530 3488 733 3541 oeconomorum,
749 3473 887 3531 OVRTd.
910 3493 939 3527 ea
951 3486 1112 3538 crematorum,
1124 3473 1153 3537 β.
1174 3518 1204 3525 -
1224 3492 1277 3524 con·

156 3545 224 3608 silicis,
241 3548 272 3596 R.
292 3588 323 3596 ,.
346 3547 464 3611 suraque,
480 3550 557 3599 ΨΒ.
577 3591 606 3599 ..
633 3548 776 3606 botrion‚V.
796 3590 827 3597 -
851 3545 976 3608 solventur,
993 3549 1024 3598 R.
1044 3589 1075 3596 ..
1099 3544 1141 3595 boc
1157 3561 1211 3605 non,
1226 3537 1277 3593 Oc.

156 3631 183 3663 co
195 3631 249 3674 noa,
262 3615 296 3664 V.
314 3613 341 3663 id
352 3632 405 3677 aon,
417 3617 449 3666 Β.
471 3634 516 3665 non
528 3616 562 3679 id,
574 3613 603 3678 β.
623 3659 654 3666 -
672 3616 792 3681 concapit,
805 3611 917 3665 OVRd.
939 3616 1069 3680 continpat‚
1081 3610 1111 3676 β.
1130 3655 1161 3663 -
1172 3611 1234 3676 suit,
1246 3613 1277 3662 R.

158 3723 188 3731 ..
207 3691 320 3746 serpente,
333 3685 388 3734 Vd.
411 3684 534 3748 semente,
545 3687 576 3736 B..
597 3728 628 3735 ..
647 3694 696 3745 aut,
713 3687 808 3735 itanos
821 3685 973 3747 scripsimus.
995 3700 1020 3744 a,
1033 3684 1093 3734 VR.
1116 3690 1139 3730 ct
1150 3698 1173 3741 a,
1186 3683 1217 3732 T.
1240 3696 1277 3739 ac,

157 3745 229 3815 (Ιβγ.
253 3792 284 3800 ..
309 3768 439 3815 percussos,
457 3754 481 3802 d.
508 3769 641 3816 posueras,
662 3747 754 3804 OVR.
778 3795 809 3802 -
837 3751 923 3811 levore,
940 3753 1003 3803 VR.
1028 3793 1057 3801 ..
1085 3766 1127 3799 nac
1144 3748 1237 3814 lippire,
1253 3751 1277 3800 d.

157 3817 340 3882 iamlipimffl.
359 3818 495 3883 inedipiere,
507 3823 541 3870 V.
561 3863 590 3871 ..
610 3821 696 3880 levant,
709 3823 738 3871 R.
759 3863 790 3871 ..
809 3818 890 3880 oculis,
903 3823 933 3871 R.

190 3889 259 3948 §⁴5.
278 3885 447 3950 cuiuscumque,
463 3882 574 3937 OVRd.
592 3890 709 3953 caiusque,
721 3886 750 3951 β.
770 3931 801 3938 ..
820 3896 843 3938 et
855 3887 925 3951 lipao,
938 3889 1022 3938 VRd.
1041 3895 1064 3935 et
1076 3903 1087 3935 e
1100 3884 1170 3951 liparo,
1182 3881 1232 3948 βγ.
1247 3925 1276 3934 ...

149 3953 261 4018 sulpure,
278 3956 312 4003 V.
335 3994 366 4004 -
394 3970 486 4016 manus,
503 3956 534 4005 B.
555 3997 585 4005 ..
609 3957 704 4019 sufflari,
720 3959 784 4008 VR.
803 3998 833 4006 -
860 3954 935 4016 dente,
953 3957 977 4004 d.
1004 3952 1102 4015 dentem,
1120 3955 1182 4005 VR.
1201 3994 1230 4002 ..
1256 3960 1279 4000 et

156 4037 215 4083 eum,
227 4022 284 4072 Vd.
302 4020 381 4081 etiam,
394 4024 425 4072 R.

190 4092 258 4153 546.
282 4087 423 4150 coclearia,
439 4083 528 4140 (ΝΒ.
552 4087 750 4152 eacaluariass.
774 4089 919 4151 exalvors'a,
932 4091 956 4140 d.
976 4131 1006 4140 ,
1025 4091 1126 4152 carali..
1149 4105 1230 4151 corre,
1245 4091 1276 4139 V.

157 4159 322 4219 exossaTd.
343 4199 373 4206 -
398 4155 449 4218 Ali,
462 4158 494 4206 V.
515 4199 544 4206 ..
564 4158 691 4216 e,V¹Bd.
715 4160 800 4218 a,V².
820 4199 850 4207 ..
870 4174 972 4218 occasu,
990 4159 1042 4208 Rd.
1065 4176 1082 4208 a
1098 4157 1201 4219 decessu
1217 4151 1277 4208 GV.

157 4224 248 4273 Utrum
267 4227 300 4275 sit
316 4225 516 4289 praeferendum,
536 4226 634 4275 dubitat
652 4226 755 4277 Gesner.
769 4228 904 4276 chrestom.
916 4242 942 4290 p.
957 4230 1013 4276 709.
1038 4267 1067 4276 ..
1087 4225 1177 4288 fcbn'a
1192 4226 1226 4275 Κ.
1246 4265 1276 4276 ..

157 4290 236 4353 iidem,
252 4286 359 4345 OVRd.
378 4294 440 4354 item,
451 4288 481 4355 β.
500 4335 530 4343 ..
550 4309 574 4354 a,
587 4295 684 4344 cmv.
