2918 4800
204 278 266 340 274
482 329 489 341 ,
554 293 757 340 unruannrs
779 293 974 340 nisronmn
1022 324 1024 329 -

247 447 297 508 19.
322 445 471 530 Auguria
492 445 684 508 valetudinis
706 468 746 509 ex
769 468 807 508 ea
826 446 1004 521 traduntur,
1027 444 1054 508 si
1069 467 1162 509 mane
1177 447 1324 523 candida,
1341 465 1374 509 cs

204 547 277 610 dein
300 547 370 610 rufa
393 545 449 621 sit;
478 545 532 610 illo
559 547 652 610 modo
675 568 884 628 concoquere,
907 546 968 610 hoc
989 546 1178 610 concoxisse
1201 547 1326 631 signifi-

204 658 301 713 catur.
338 644 429 711 Mala
455 647 548 732 signa
569 647 702 725 rubrae,
733 648 877 732 pessima
897 648 1024 734 nigrae,
1054 647 1139 711 mala
1159 648 1325 725 bullantis,

204 770 346 826 crassae,
377 748 411 811 in
432 771 496 832 qua
518 749 604 831 quod
628 747 767 813 subsidit
790 749 817 812 si
840 748 948 813 album
970 761 1034 826 est,
1058 749 1219 836 significat
1241 750 1326 814 circa

203 849 354 914 articulos
382 860 437 914 aut
463 850 587 914 viscera
609 850 748 914 dolorem
772 850 942 928 inminere,
972 850 1084 914 eadem
1106 851 1217 916 viridis
1238 873 1325 915 mor·

203 950 279 1015 bum
307 952 480 1027 viscerum,
510 951 630 1035 pallida
657 950 746 1028 bilis,
775 951 896 1016 rubens
919 952 1101 1039 sanguinis;
1134 954 1218 1017 mala
1238 962 1270 1016 et
1290 953 1325 1016 in

203 1076 266 1136 qua
287 1053 387 1117 veluti
410 1053 552 1117 furfures
574 1063 670 1136 atque
692 1053 868 1118 nubeculae
882 1054 1046 1138 adparent.
1070 1053 1183 1118 Diluta
1196 1075 1324 1136 quoque
1340 1071 1372 1114 cs

203 1155 276 1220 alba
303 1153 418 1218 vitiosa
446 1166 512 1231 est,
549 1155 712 1219 mortifera
746 1177 822 1218 vero
850 1176 957 1219 crassa
985 1145 1078 1242 gravi
1105 1155 1203 1219 odore
1231 1166 1263 1218 et
1291 1157 1325 1220 iu

202 1256 312 1340 pueris
334 1256 440 1320 tenuis
462 1277 499 1318 ac
521 1255 631 1319 diluta.
653 1253 746 1341 Magi
769 1266 880 1320 vetant
903 1256 972 1321 eius
988 1277 1086 1320 causa
1101 1267 1209 1321 contra
1226 1258 1325 1322 solem

203 1359 372 1439 lunamque
401 1357 516 1420 nudari
545 1368 601 1421 aut
626 1356 773 1420 umbram
803 1356 989 1440 cuiusquam
1013 1356 1054 1421 ab
1077 1357 1147 1443 ipso
1169 1358 1325 1445 respergi.

203 1457 371 1523 Hesiodus
392 1459 481 1523 iuxta
503 1459 664 1524 obstantia
684 1458 777 1524 reddi
799 1459 911 1523 suadet
933 1480 973 1522 ne
994 1458 1089 1523 deum
1109 1459 1248 1541 aliquem
1263 1482 1324 1522 nu-

204 1559 288 1622 datio
317 1560 466 1625 offendat.
511 1558 673 1626 Osthanes
707 1571 817 1624 contra
845 1560 930 1624 mala
957 1560 1191 1624 medicamenta
1218 1560 1326 1624 omnia

203 1660 350 1725 auxiliari
365 1661 511 1747 promisit
526 1662 689 1726 matutinis
710 1685 801 1727 suam
823 1661 938 1744 cuique
953 1661 1138 1725 instillatam
1153 1660 1324 1741 impedem.

244 1761 322 1827 VII.
347 1765 397 1826 20.
420 1762 514 1844 Quae
537 1785 576 1826 ex
598 1763 768 1828 mulierum
789 1763 978 1848 corporibus
1001 1765 1171 1827 traduntur
1192 1762 1233 1826 ad
1247 1783 1323 1845 por·
1340 1775 1372 1823 7ο

204 1875 361 1947 tentorum
383 1865 539 1930 miracula
561 1865 729 1942 accedunt,
752 1875 788 1929 ut
810 1866 958 1930 sileamus
980 1864 1101 1929 divisos
1122 1864 1325 1928 membratim

202 1964 235 2026 in
260 1965 377 2029 scelera
400 1967 541 2042 abortus,
564 1989 711 2030 mensum
734 1966 860 2051 piacula
881 1988 1027 2050 quaeque
1049 1967 1111 2030 alia
1131 1988 1195 2029 non
1215 1964 1323 2029 obste-

204 2067 299 2132 trices
320 2069 414 2132 modo
437 2090 547 2132 verum
570 2067 666 2131 etiam
688 2066 778 2152 ipsae
799 2068 984 2132 meretrices
1003 2067 1184 2152 prodidere.
1208 2066 1326 2149 Capilli

204 2170 230 2232 si
256 2181 452 2246 crementur,
488 2169 586 2234 odore
614 2168 771 2253 serpentis
799 2168 916 2256 fugari,
939 2169 1051 2233 eodem
1080 2168 1192 2232 nidore
1213 2170 1325 2232 volvae

202 2271 313 2336 morbo
336 2272 550 2359 strangulatas
572 2272 748 2357 respirare3
781 2272 886 2335 cinere
909 2294 946 2336 eo
970 2271 1115 2354 quidem,
1138 2270 1164 2334 si
1187 2269 1368 2333 intestati

204 2373 268 2436 sint
290 2373 420 2437 cremati
443 2375 494 2438 vel
517 2397 589 2438 cum
613 2395 726 2458 spuma
748 2373 888 2458 argenti,
912 2373 1079 2437 scabritias
1101 2373 1265 2437 oculorum
1287 2393 1326 2436 ac

202 2475 385 2560 prurigines
408 2475 582 2551 emendari,
604 2475 681 2538 item
696 2497 857 2539 sverrucas
880 2486 911 2540 et
932 2474 1102 2537 infantium
1126 2475 1234 2538 ulcera
1252 2495 1324 2537 cum

203 2574 311 2650 melle,
335 2575 449 2660 capitis
472 2598 599 2661 quoque
620 2577 749 2641 volnera
771 2589 803 2640 et
825 2577 966 2640 omnium
988 2577 1132 2640 ulcerum
1154 2578 1243 2640 sinus
1264 2574 1323 2638 ad-

182 2663 269 2739 'dito
291 2677 382 2740 melle
409 2700 447 2741 ac
474 2688 558 2755 ture,
587 2700 704 2763 panos,
736 2669 898 2764 podagras
921 2701 992 2742 cum
1015 2677 1111 2761 adipe
1133 2678 1241 2753 suillo,
1271 2697 1323 2739 sa·

238 2853 252 2914 ᾗ
266 2857 306 2900 68.
324 2850 426 2916 Auquri,
438 2854 500 2903 VR.
518 2850 659 2918 Aupurium,
672 2856 724 2904 Td.
738 2894 768 2902 ..
789 2851 923 2914 traduntur,
936 2855 985 2902 R‘·'.
1005 2850 1135 2912 tradentur,
1152 2843 1253 2900 OVR'.
1273 2858 1323 2898 tra·

205 2915 279 2977 ditur,
292 2921 343 2968 Td.
363 2961 394 2968 -
413 2922 487 2984 ruffa,
500 2922 533 2971 V.
554 2963 581 2970 ..
600 2910 743 2985 p'raessima,
755 2921 788 2970 V.
808 2961 839 2968 ..
858 2937 962 2981 crassae,
974 2922 1030 2970 Vd.
1048 2928 1072 2967 et
1082 2934 1187 2975 massae,
1200 2913 1277 2981 Rssy.
1292 2959 1322 2966 -

204 2987 296 3049 inqua,
309 2989 340 3036 R.
359 2987 384 3035 in
396 3004 469 3050 aqua,
481 2990 536 3038 Vd.
556 3031 586 3038 ..
610 2987 711 3038 subsidit
722 2988 745 3036 si
754 2986 842 3046 album,
855 2991 878 3038 d.
897 2986 967 3036 subdi
976 2986 1076 3048 zalbum,
1089 2990 1122 3037 V.
1140 2984 1220 3034 subdit
1235 2985 1322 3046 album,

204 3055 248 3103 R¹.
266 3053 352 3103 subdia
363 3054 449 3117 album,
462 3057 511 3105 R'2.
532 3098 561 3106 -
581 3056 707 3120 siyurflcat,
720 3057 788 3105 Ru.
807 3054 953 3119 siqnificant
966 3057 1040 3107 vat
1060 3098 1089 3104 ..
1109 3052 1203 3115 viridia,
1215 3055 1248 3103 R.
1265 3053 1324 3101 viri-

206 3121 305 3180 lis,Vd.
327 3164 357 3172 ..
379 3123 512 3188 sanguinis,
529 3125 609 3175 V2R.
634 3122 760 3187 languidis,
777 3124 844 3173 V¹d.
867 3122 962 3187 pallida
979 3123 1053 3183 bilem,
1076 3123 1161 3172 rubens
1176 3121 1323 3184 sanquinem,

205 3191 295 3239 Dalec.
314 3233 345 3241 ..
364 3191 389 3239 in
401 3208 457 3254 qua,
470 3193 519 3241 ut
538 3193 563 3240 ia
575 3208 648 3254 mua,
660 3193 757 3243 VR¹d.

239 3262 254 3322 ᾖ
267 3265 307 3309 69.
326 3259 418 3318 vitiosa,
431 3260 462 3309 R.
482 3259 566 3318 ultosa,
578 3262 612 3309 V.
635 3259 724 3320 ulcosa,
737 3261 760 3308 d.
776 3301 807 3308 ..
827 3275 917 3320 crassa,
931 3263 955 3309 d.
989 3275 1067 3318 rasso,
1080 3260 1127 3307 ut
1146 3259 1235 3309 Omitt.
1248 3257 1323 3306 VR'.

207 3367 237 3374 ..
257 3325 336 3386 odore,
348 3330 373 3377 d.
391 3326 482 3386 adores,
495 3330 557 3378 VR.
576 3369 607 3377 ..
627 3328 658 3376 ab
670 3327 728 3390 ipso,
741 3327 824 3376 VRd.
844 3328 875 3375 ab
886 3275 989 3390 ipsaffi.
1009 3366 1040 3375 ..
1058 3325 1171 3390 resperpi,
1187 3319 1324 3374 OVlde.

205 3395 308 3457 asperpi,
329 3390 358 3455 β.
382 3435 413 3443 -
438 3395 558 3444 Hesiodus
575 3411 633 3459 opp.
648 3404 673 3444 et
689 3397 742 3445 dies
761 3398 817 3445 727.
843 3435 873 3444 ..
896 3393 1012 3457 optantio,
1034 3395 1068 3444 V.
1090 3435 1121 3444 -
1150 3391 1273 3453 Osthanes,
1291 3392 1323 3440 R.

201 3460 336 3523 Osthanes,
353 3455 412 3511 OV.
439 3461 557 3525 Opianes,
570 3467 593 3514 d.
611 3463 739 3523 Hostanes,
751 3459 780 3524 β.
800 3503 831 3511 ..
849 3461 967 3511 auxiliari
979 3461 1096 3526 promisit,
1113 3463 1195 3512 VRd.
1215 3459 1326 3522 promisit

206 3528 329 3589 auxiliari,
340 3525 390 3594 βγ.
410 3570 441 3578 -
460 3530 589 3590 matutinis,
601 3532 665 3580 VR.
683 3530 804 3578 matutinis
816 3529 887 3591 boris,
899 3526 972 3593 (Ιβγ.
993 3571 1016 3578 -
1040 3529 1074 3588 in,
1087 3546 1137 3579 om.
1150 3531 1193 3578 1³¹.

239 3599 254 3660 ξ
268 3603 306 3648 70.
329 3596 397 3654 Quae
408 3596 437 3645 de
448 3597 579 3659 mulierum,
590 3600 622 3654 Κ.
641 3640 672 3647 -
692 3596 775 3658 divisa,
788 3599 871 3648 VRd.
887 3639 917 3646 -
936 3613 1030 3655 mesum,
1042 3598 1075 3646 V.
1094 3597 1213 3656 mensium,
1222 3590 1323 3657 Rdssr.

207 3706 237 3714 -
260 3662 367 3729 Capitis,
379 3666 410 3713 R.
430 3706 461 3714 ..
480 3664 568 3725 nidore,
580 3667 669 3715 Dalec.
681 3667 763 3716 VTc.
781 3665 863 3726 nitore,
879 3660 908 3715 θ.
927 3664 1005 3725 odore,
1018 3660 1094 3727 Ββγ.
1110 3705 1139 3713 ,
1152 3663 1323 3728 straapulatas,

206 3734 254 3783 R2.
272 3731 435 3797 stranqulatis,
447 3734 543 3783 VR¹d.

240 3799 308 3860 §it
327 3816 353 3848 eo
364 3799 465 3863 quidem,
477 3801 510 3850 V.
533 3816 583 3849 meo
599 3799 760 3863 quidenna
783 3799 1026 3862 quidemeo,R¹Td.
1050 3842 1080 3850 ...
1103 3799 1216 3859 aava.
1240 3839 1272 3846 -
1295 3813 1325 3846 cc

203 3868 347 3932 pruriyiues.
360 3870 428 3918 R2d.
447 3868 616 3933 aspruripines,
627 3869 661 3917 V.
680 3874 704 3915 et
711 3866 856 3932 pruriyines,
868 3871 912 3918 R¹.
927 3910 957 3918 ..
976 3866 1090 3929 escendat,
1102 3868 1157 3917 Vd.
1177 3908 1206 3915 -
1227 3881 1325 3928 quoque,

207 3937 260 3985 Rd.
282 3934 396 3998 quodque,
412 3938 445 3987 V.
469 3978 499 3987 ..
529 3935 633 3997 volnera,
650 3936 722 3986 R2d.
744 3934 832 3995 ulcera,
849 3938 924 3986 VR'.
954 3976 985 3985 -
1013 3943 1036 3982 et
1049 3936 1074 3984 in
1089 3935 1195 3983 omnibus
1211 3932 1326 3981 ulceribus

206 4002 278 4061 sinus
291 4020 310 4051 r.
330 4043 361 4051 ..
379 4004 515 4068 sanquinem
533 4020 569 4065 ue,
582 4004 614 4052 V.
637 4003 824 4068 sanquinemR.
845 4002 970 4068 sanquine,
983 4006 1007 4053 d.
1030 4045 1060 4052 ..
1085 4003 1218 4062 sistit‚V².
1238 4041 1269 4050 ..
1288 4000 1324 4048 in-

208 4069 255 4128 lito,
273 4063 410 4121 OVRTc.
429 4070 498 4131 illico,
510 4021 538 4133 fi.
560 4113 589 4121 ..
608 4071 815 4134 irpt'ormicationes,
832 4065 942 4121 OVRd.
952 4071 1142 4135 formicationes,
1154 4067 1204 4132 βγ.

241 4140 255 4201 5
270 4141 309 4187 ta.
320 4138 398 4200 febri,
410 4141 444 4188 V.
455 4141 535 4203 febre,
548 4135 648 4204 Rcssy.
667 4139 786 4190 Ceterum
797 4155 821 4189 V.
833 4141 951 4189 Dioscor.
965 4145 988 4195 2,
1002 4143 1041 4190 ts.
1055 4180 1086 4187 ..
1104 4139 1219 4201 infantem
1232 4137 1288 4196 ium,
1301 4138 1325 4185 d.

209 4247 238 4255 -
265 4203 377 4262 malacia,
394 4208 446 4256 Rd.
474 4207 584 4267 malatia,
600 4208 634 4258 V.
661 4205 763 4267 malitia,
785 4200 813 4256 θ.
841 4205 948 4266 mollitia,
965 4208 1054 4256 Dalec.
1084 4248 1114 4255 ..
1142 4204 1324 4266 rosionibasqua

207 4268 375 4323 OVRTKd.
399 4275 536 4337 rosionibus,
554 4271 582 4336 β.
608 4316 638 4324 ..
663 4283 725 4333 tura,
742 4276 775 4323 V.
800 4314 831 4323 -
859 4275 912 4335 icto,
929 4277 991 4324 VR.
1016 4315 1046 4322 -
1071 4272 1193 4337 epiphora,
1215 4268 1324 4321 OVRd.
