2918 4800
444 280 513 326 nm.
530 279 643 326 xxvrr.
675 277 752 325 oar.
768 279 816 325 1v.
846 277 944 325 sacr.
959 280 978 322 r.
992 281 1011 322 ⁵.
1228 263 1289 328 215

170 443 240 497 tura
255 431 325 495 eius
341 429 492 515 spissare,
508 431 645 496 densare
661 440 693 494 et
707 429 822 494 leniter
837 429 988 494 calfacere
994 453 1003 506 ;
1027 450 1105 494 usus
1119 429 1153 493 in
1167 429 1288 510 multis,

169 532 226 597 sed
247 530 433 617 principalis
455 532 560 597 alvom
583 531 715 608 solvere,
739 552 812 595 cum
833 552 936 616 paene
960 529 1027 594 sola
1041 529 1288 595 medicamento-

167 655 239 698 rum
260 654 343 716 quae
364 633 399 697 id
420 644 585 718 praestant
607 633 771 698 confirmet
790 631 886 697 etiam
902 630 1107 709 stomachum,
1131 631 1210 700 adeo
1225 654 1289 697 non

167 734 297 799 infestet
318 733 382 799 ulla
403 733 435 799 vi
458 734 625 800 contraria.
653 732 780 798 Bibitur
802 732 964 810 drachma,
987 732 1028 796 ad
1044 733 1197 799 stomachi
1213 756 1289 798 vero
1305 751 1334 797 ιτ

167 835 408 901 dissolutionem
429 835 463 899 in
485 834 610 902 duobus
633 835 759 920 cyathis
781 856 883 919 aquae
906 833 1033 920 tepidae
1060 834 1111 900 vel
1140 834 1289 921 frigidae,

167 937 320 1003 coclearis
341 958 490 1000 mensura
512 936 562 1024 bis
584 946 672 1002 terve
694 935 728 999 in
750 935 802 1001 die
826 958 868 1000 ex
888 934 1074 1014 intervallis,
1097 946 1133 1000 ut
1155 959 1207 1001 res
1229 958 1286 1000 cx·

166 1039 242 1125 igit,
278 1037 479 1124 purgationis
511 1048 619 1102 autem
646 1059 743 1102 causa
770 1037 956 1123 plurumum
985 1036 1088 1103 tribus
1117 1038 1288 1117 drachmis,

167 1138 334 1218 efficacior,
358 1139 385 1203 si
406 1149 481 1225 pota
504 1162 542 1204 aa
563 1149 707 1204 sumatur
729 1138 830 1204 cibus.
854 1136 1016 1223 Capillum
1037 1137 1188 1205 fluentem
1211 1162 1297 1221 con-¹

168 1242 246 1305 tinet
267 1264 340 1307 cum
362 1241 437 1306 vino
459 1252 587 1306 austero
610 1239 715 1326 capite
737 1240 852 1306 insola
868 1241 1095 1325 contrapilum
1115 1251 1287 1326 perunct03

168 1341 308 1407 dolorem
335 1341 448 1428 capitis
474 1343 565 1408 sedat
586 1341 783 1428 temporibus
805 1352 836 1406 et
856 1342 952 1408 fronti
974 1343 1115 1428 inposita
1137 1365 1177 1407 ex
1200 1352 1289 1408 aceto

168 1453 199 1509 et
218 1465 349 1510 rosaceo
371 1443 564 1529 dilutiorque
586 1444 704 1510 infusa.
743 1443 919 1510 Oculorum
945 1443 1023 1508 vitia
1049 1444 1155 1510 omnia
1183 1444 1290 1509 sanari
1305 1463 1335 1508 ls

167 1568 205 1610 aa
222 1545 382 1623 convenit,
404 1547 556 1630 privatim
571 1546 752 1634 prurigines
774 1556 806 1610 et
828 1545 1011 1610 scabritiem
1025 1568 1190 1632 genarum,
1213 1547 1291 1611 item

166 1647 319 1735 insignita
340 1670 378 1713 ac
404 1647 504 1717 livida
530 1648 621 1712 inlita
648 1669 720 1713 cum
747 1649 839 1713 melle
865 1670 1013 1712 maxume
1036 1647 1188 1725 Pontica,
1218 1658 1288 1712 ton·

168 1746 265 1825 sillas,
288 1747 437 1835 gingivas
460 1760 492 1814 ct
513 1750 619 1813 omnia
634 1751 698 1815 oris
713 1749 830 1827 ulcera,
855 1748 1021 1834 sanguinis
1036 1749 1287 1827 exscreationes,

168 1849 194 1912 si
216 1848 361 1913 modicae
384 1850 456 1929 sint,
480 1851 631 1916 drachma
653 1874 693 1915 ex
715 1873 808 1935 aqua,
833 1851 860 1914 si
882 1850 998 1929 minus,
1027 1873 1068 1915 ex
1090 1860 1180 1914 aceto
1194 1859 1286 1934 pota3

167 1950 331 2016 volnerum
358 1973 486 2036 quoquc
514 1952 706 2040 sanguinem
729 1964 761 2017 et
782 1952 1003 2035 undecumque
1031 1951 1183 2017 fluentem
1206 1950 1289 2014 sistit

166 2074 226 2137 per
248 2074 282 2116 se
304 2052 355 2118 vel
376 2076 416 2118 ax
438 2064 536 2119 aceto.
560 2054 653 2119 Alias
675 2054 773 2119 etiam
794 2064 843 2119 est
862 2052 1047 2118 volneribus
1062 2051 1232 2116 utilissima
1246 2050 1288 2114 ad
1304 2068 1334 2112 rs

62 2189 65 2195 ·
166 2151 348 2219 cicatricem
368 2155 566 2240 perducens3
594 2156 706 2221 eadem
727 2155 926 2241 inspergitur
947 2153 1139 2220 exulceratis
1161 2151 1287 2240 genita-

166 2253 250 2319 libus
276 2255 433 2334 virorum,
466 2256 699 2342 condylomatis
726 2257 881 2340 rimisque
915 2255 1001 2321 sedis
1028 2255 1106 2322 alias
1134 2278 1175 2320 ex
1201 2253 1287 2331 vino,
1363 2250 1366 2255 ’

167 2356 245 2420 alias
267 2379 308 2421 ex
329 2379 436 2443 passo,
459 2358 537 2425 alias
561 2359 645 2424 sicca
667 2382 726 2445 per
742 2382 786 2437 se,
808 2368 845 2423 ut
859 2357 961 2446 exigit
975 2352 1153 2443 mitiganda
1167 2354 1287 2422 curatio

167 2468 222 2522 aut
244 2459 434 2536 coercenda3
457 2460 713 2526 haemorroidum
733 2482 860 2545 quoque
875 2459 1102 2525 abundantiam
1115 2457 1228 2523 leniter
1242 2456 1286 2521 si-

169 2557 233 2623 stit.
253 2557 461 2644 Dysinteriae
475 2561 655 2628 infunditur
670 2573 712 2641 et,
736 2562 763 2628 si
778 2561 943 2627 difficilius
959 2569 1197 2644 concoquantur
1213 2557 1334 2634 cibi,ao

168 2657 288 2724 bibitur
310 2683 329 2724 a
351 2682 430 2726 cena
450 2663 576 2728 modico
597 2662 776 2742 intervallc,
806 2673 838 2728 et
864 2661 899 2725 in
927 2661 1017 2748 regio
1044 2660 1157 2726 morbo
1185 2657 1288 2724 tribus

168 2869 299 2930 periodum
312 2870 467 2934 incipientes.
492 2912 523 2921 ..
546 2869 778 2930 adulterata,Vad.
801 2869 960 2929 adulteratur,
971 2865 1021 2933 βγ.
1041 2911 1071 2918 -
1094 2868 1174 2932 spissa
1189 2865 1288 2917 redden-

167 2951 231 2995 sare,
244 2952 266 2985 a.
285 2979 316 2986 -
341 2936 431 2998 leniter,
447 2931 596 2990 OvTadr.
615 2937 704 3000 leviter,
715 2934 745 3000 β.
770 2980 801 2988 ..
824 2937 961 3001 calefacere,
974 2939 1005 2988 Τ.
1025 2977 1056 2986 ..
1079 2937 1104 2986 in
1115 2936 1202 2998 multis,
1215 2938 1289 2987 codd.

169 3002 225 3054 Gal.
244 3019 299 3051 usuc
310 3003 397 3065 multia,
410 3007 512 3056 V'Pad.
531 3023 587 3055 aaa
602 3005 695 3066 multus,
707 3023 727 3056 r.
750 3046 782 3055 ..
805 3003 854 3065 sed,
873 3007 919 3055 Va
935 3004 1022 3068 (codd.
1039 3002 1109 3067 Get.)
1132 3012 1161 3066 et,
1178 3006 1233 3054 Td.
1258 3045 1288 3052 -

165 3069 316 3133 principalis,
333 3074 380 3122 Vu
399 3071 487 3136 (codd.
505 3072 576 3137 Gal.)
596 3074 718 3138 principes,
734 3075 789 3124 Td.
812 3073 924 3138 princeps
944 3074 986 3122 vel
1003 3072 1154 3136 praecipuus,
1170 3074 1238 3122 Pint.
1257 3111 1289 3120 ..

168 3138 401 3202 cum‚V²a(codd.
415 3139 486 3203 Gal.)
508 3140 558 3202 sed,
574 3143 672 3192 V¹Td.
697 3183 727 3190 -
750 3157 836 3204 aquae,
849 3158 871 3191 a.
896 3180 927 3190 ,-
950 3141 1078 3202 confimat,
1091 3136 1206 3200 a(codd.
1219 3137 1289 3200 Gal.)

168 3206 283 3268 confirma
295 3215 310 3267 t,
323 3209 356 3258 V.
375 3208 600 3271 corfirmanteffd.
623 3249 654 3258 ..
670 3208 754 3270 faetet,
770 3210 825 3259 Vd.
849 3250 880 3258 ..
905 3207 930 3257 ai
943 3206 1075 3267 eunomia,
1093 3208 1167 3256 codd.
1181 3206 1237 3258 Gal.
1255 3206 1291 3266 uis

168 3274 298 3337 contraria,
311 3276 396 3326 VTd.
415 3276 458 3337 atr,
470 3293 492 3326 u.

202 3378 216 3440 ἓ
232 3380 270 3427 17.
287 3375 438 3436 eumachum,
450 3377 504 3428 Vd.
523 3418 555 3427 ..
575 3375 727 3441 taepidae,a.
746 3419 776 3426 -
795 3392 896 3439 mesura,
909 3377 942 3426 V.
956 3417 987 3426 ..
1001 3374 1026 3424 in
1038 3373 1083 3437 die,
1095 3377 1152 3426 Vd.
1170 3373 1290 3436 ecdico.

169 3484 200 3493 -
219 3459 248 3491 ex
259 3443 398 3506 intervallis,
410 3446 465 3495 Vd.
483 3443 621 3506 interuallis,
634 3461 657 3496 a.
676 3487 707 3495 ..
726 3461 776 3507 reu,
789 3446 825 3494 a¹.
840 3485 871 3494 -
889 3452 975 3505 autem
990 3436 1071 3493 OTd.
1088 3443 1157 3506 caim,
1169 3459 1192 3492 a.
1211 3443 1291 3507 etiam,

168 3506 249 3575 Vstr.
269 3553 300 3561 ..
318 3512 348 3574 si,
361 3527 412 3563 om.
425 3514 458 3562 V.
478 3555 509 3563 ..
529 3512 601 3569 cibus,
613 3528 663 3563 om.
676 3513 709 3563 V.
729 3554 761 3562 ..
779 3513 872 3576 capitis,
886 3507 914 3563 θ.
934 3552 966 3561 ..
985 3511 1009 3560 in
1020 3510 1076 3573 sole,
1090 3513 1173 3562 omitt.
1185 3510 1290 3563 VTad.

168 3586 251 3627 contra
262 3579 341 3641 solem,
357 3573 385 3628 θ.
404 3621 435 3630 ..
455 3589 538 3629 cantra
545 3580 629 3644 pilum,
641 3582 726 3632 VTd.
745 3579 841 3644 capillo,
857 3575 885 3630 θ.
903 3588 987 3630 contra
998 3578 1119 3644 capillum,
1131 3575 1184 3643 βγ.

203 3679 217 3740 ἓ
233 3685 272 3731 18.
287 3681 444 3745 pruriginem,
458 3684 482 3732 d.
502 3725 532 3732 -
557 3683 696 3744 scabritiem,
713 3684 749 3732 ita
764 3698 811 3734 nos
827 3683 979 3748 scripsimus.
997 3681 1106 3744 scabiem,
1119 3675 1247 3745 Vadssm
1265 3689 1292 3732 at

169 3763 192 3797 ν.
204 3747 256 3799 ind.
268 3764 352 3799 rerum
364 3766 383 3799 a.
395 3766 419 3800 r.
435 3766 517 3814 yeaac.
536 3793 567 3801 ..
585 3766 708 3816 penarum,
721 3754 784 3801 a2d.
801 3767 949 3816 camerarum,
962 3751 1135 3814 a¹.,9enerum,
1147 3749 1181 3798 V.
1201 3789 1232 3797 ..
1251 3764 1291 3797 eu-

170 3815 341 3934 gendonqlcha.
358 3859 386 3866 ..
406 3816 528 3880 drachma,
537 3818 637 3869 VTdr.
656 3817 774 3881 drochme,
787 3836 809 3869 a.
829 3817 957 3868 drachmae
966 3816 1077 3881 pondere,
1086 3812 1115 3878 β.
1126 3858 1156 3866 ..
1169 3832 1213 3880 per
1223 3833 1255 3877 se,
1268 3833 1290 3869 a.

194 3893 258 3933 mitt.
322 3922 327 3933 .

203 3984 218 4045 ξ
239 3991 277 4036 19,
301 3985 372 4033 etiam
390 3993 431 4046 eat,
448 3988 501 4036 Va.
525 3987 653 4048 autetiam,
673 3988 725 4037 Td.
751 4029 782 4038 -
810 3986 936 4036 αϊίἰιζέείτηα
953 3984 993 4047 ad,
1011 3988 1034 4037 d.
1058 3984 1185 4035 utilissima
1200 3985 1252 4048 dat,
1268 4004 1292 4038 a.

171 4051 292 4101 utilissime
304 4051 354 4112 dat,
367 4055 400 4102 V.
422 4093 448 4102 ..
473 4054 599 4118 sperpitur,
612 4071 635 4104 a.
660 4094 689 4103 ..
715 4052 887 4104 aliaseam'no
898 4053 969 4116 alias,
981 4071 1004 4105 a.
1023 4052 1128 4103 ercoliae
1139 4062 1163 4103 et
1173 4053 1223 4104 vini
1232 4053 1293 4117 alra,

170 4121 203 4168 V.
222 4137 251 4168 erc
263 4119 314 4170 alia
324 4117 368 4168 sed
378 4119 428 4168 cini
438 4119 496 4182 alia,
510 4125 533 4171 d.
554 4161 581 4170 -
603 4121 690 4186 eriyat,
702 4123 807 4174 VTad.
820 4163 851 4172 ..
870 4130 920 4183 aut,
933 4124 987 4172 Va.
1005 4121 1046 4184 ad,
1059 4124 1083 4172 d.
1098 4163 1127 4172 ..
1141 4119 1292 4183 cohercenda,

170 4188 224 4237 Va.
245 4229 276 4238 ..
294 4185 474 4247 abundantiam,
487 4192 510 4239 d.
530 4185 726 4252 habundantiam,
738 4205 761 4240 a.
780 4186 985 4252 abundantionem,
998 4191 1032 4240 V.
1051 4187 1256 4251 habundationem
1268 4191 1293 4241 R

170 4256 213 4304 hic
225 4271 311 4308 rursus
323 4256 452 4320 incipiens.
