<?xml version="1.0" encoding="UTF-8"?>
<!DOCTYPE html PUBLIC "-//W3C//DTD XHTML 1.0 Transitional//EN"
    "http://www.w3.org/TR/xhtml1/DTD/xhtml1-transitional.dtd">
<html xmlns="http://www.w3.org/1999/xhtml" xml:lang="en" lang="en">
 <head>
  <title>
</title>
<meta http-equiv="Content-Type" content="text/html;charset=utf-8" />
  <meta name='ocr-system' content='tesseract 3.04.00' />
  <meta name='ocr-capabilities' content='ocr_page ocr_carea ocr_par ocr_line ocrx_word'/>
</head>
<body>
  <div class='ocr_page' id='page_1' title='image "./cplinisecundina10plingoog_0042.png"; bbox 0 0 2918 4800; ppageno 0'>
   <div class='ocr_carea' id='block_1_1' title="bbox 409 283 1265 348">
    <p class='ocr_par' dir='ltr' id='par_1_1' title="bbox 409 283 1265 348">
     <span class='ocr_line' id='line_1_1' title="bbox 409 283 1265 348; baseline 0.004 -3"><span class='ocrx_word' id='word_1_1' title='bbox 409 299 481 345; x_wconf 81' lang='lat' dir='ltr'><strong>arn.</strong></span> <span class='ocrx_word' id='word_1_2' title='bbox 499 299 603 346; x_wconf 83' lang='lat' dir='ltr'><strong>xxru.</strong></span> <span class='ocrx_word' id='word_1_3' title='bbox 634 283 713 345; x_wconf 74' lang='lat' dir='ltr'><strong>cer.</strong></span> <span class='ocrx_word' id='word_1_4' title='bbox 729 300 777 347; x_wconf 88' lang='lat' dir='ltr'><strong>vr.</strong></span> <span class='ocrx_word' id='word_1_5' title='bbox 808 298 906 348; x_wconf 80' lang='lat' dir='ltr'><strong>sacr.</strong></span> <span class='ocrx_word' id='word_1_6' title='bbox 922 302 1004 344; x_wconf 50' lang='lat' dir='ltr'><strong>aaa</strong></span> <span class='ocrx_word' id='word_1_7' title='bbox 1225 284 1265 348; x_wconf 82' lang='lat'><strong>31</strong></span> 
     </span>
    </p>
   </div>
   <div class='ocr_carea' id='block_1_2' title="bbox 142 449 1334 2368">
    <p class='ocr_par' dir='ltr' id='par_1_2' title="bbox 142 449 1266 643">
     <span class='ocr_line' id='line_1_2' title="bbox 144 449 1266 537; baseline -0.004 -16"><span class='ocrx_word' id='word_1_8' title='bbox 144 453 338 537; x_wconf 88' lang='lat' dir='ltr'><strong>caelestique</strong></span> <span class='ocrx_word' id='word_1_9' title='bbox 368 472 451 535; x_wconf 86' lang='lat' dir='ltr'><strong>aqua</strong></span> <span class='ocrx_word' id='word_1_10' title='bbox 479 450 636 515; x_wconf 74' lang='lat' dir='ltr'><strong>madescit</strong></span> <span class='ocrx_word' id='word_1_11' title='bbox 663 450 762 516; x_wconf 89' lang='lat' dir='ltr'><strong>ternis</strong></span> <span class='ocrx_word' id='word_1_12' title='bbox 788 451 858 517; x_wconf 85' lang='lat' dir='ltr'><strong>fere</strong></span> <span class='ocrx_word' id='word_1_13' title='bbox 884 449 1013 528; x_wconf 81' lang='lat' dir='ltr'><strong>diebus3</strong></span> <span class='ocrx_word' id='word_1_14' title='bbox 1046 449 1124 517; x_wconf 86' lang='lat' dir='ltr'><strong>haec</strong></span> <span class='ocrx_word' id='word_1_15' title='bbox 1145 451 1266 519; x_wconf 85' lang='lat' dir='ltr'><strong>bibitur</strong></span> 
     </span>
     <span class='ocr_line' id='line_1_3' title="bbox 142 551 970 643; baseline -0.002 -23"><span class='ocrx_word' id='word_1_16' title='bbox 142 555 260 643; x_wconf 87' lang='lat' dir='ltr'><strong>frigida</strong></span> <span class='ocrx_word' id='word_1_17' title='bbox 281 552 429 620; x_wconf 82' lang='lat' dir='ltr'><strong>coeliacis</strong></span> <span class='ocrx_word' id='word_1_18' title='bbox 452 563 484 618; x_wconf 90' lang='lat' dir='ltr'><strong>et</strong></span> <span class='ocrx_word' id='word_1_19' title='bbox 507 551 696 638; x_wconf 90' lang='lat' dir='ltr'><strong>sanguinem</strong></span> <span class='ocrx_word' id='word_1_20' title='bbox 719 552 970 620; x_wconf 87' lang='lat' dir='ltr'><strong>exscreantibus.</strong></span> 
     </span>
    </p>

    <p class='ocr_par' dir='ltr' id='par_1_3' title="bbox 143 653 1331 2245">
     <span class='ocr_line' id='line_1_4' title="bbox 187 653 1329 738; baseline -0.006 -14"><span class='ocrx_word' id='word_1_21' title='bbox 187 659 239 724; x_wconf 86' lang='grc'><strong>58.</strong></span> <span class='ocrx_word' id='word_1_22' title='bbox 265 655 319 721; x_wconf 86' lang='lat' dir='ltr'><strong>Ex</strong></span> <span class='ocrx_word' id='word_1_23' title='bbox 340 653 456 720; x_wconf 89' lang='lat' dir='ltr'><strong>acerbo</strong></span> <span class='ocrx_word' id='word_1_24' title='bbox 478 654 515 719; x_wconf 90' lang='lat' dir='ltr'><strong>fit</strong></span> <span class='ocrx_word' id='word_1_25' title='bbox 535 653 803 720; x_wconf 78' lang='lat' dir='ltr'><strong>medicamentum</strong></span> <span class='ocrx_word' id='word_1_26' title='bbox 825 654 912 738; x_wconf 91' lang='lat' dir='ltr'><strong>quod</strong></span> <span class='ocrx_word' id='word_1_27' title='bbox 934 653 1099 721; x_wconf 73' lang='lat' dir='ltr'><strong>stomatice</strong></span> <span class='ocrx_word' id='word_1_28' title='bbox 1121 664 1329 732; x_wconf 86' lang='lat' dir='ltr'><strong>vocatur,1oa</strong></span> 
     </span>
     <span class='ocr_line' id='line_1_5' title="bbox 143 755 1266 844; baseline -0.004 -19"><span class='ocrx_word' id='word_1_29' title='bbox 143 758 349 825; x_wconf 86' lang='lat' dir='ltr'><strong>utilissimum</strong></span> <span class='ocrx_word' id='word_1_30' title='bbox 376 757 440 822; x_wconf 91' lang='lat' dir='ltr'><strong>oris</strong></span> <span class='ocrx_word' id='word_1_31' title='bbox 463 755 565 834; x_wconf 87' lang='lat' dir='ltr'><strong>vitiis,</strong></span> <span class='ocrx_word' id='word_1_32' title='bbox 594 755 736 834; x_wconf 90' lang='lat' dir='ltr'><strong>narium,</strong></span> <span class='ocrx_word' id='word_1_33' title='bbox 765 756 906 834; x_wconf 91' lang='lat' dir='ltr'><strong>aurium,</strong></span> <span class='ocrx_word' id='word_1_34' title='bbox 935 755 1099 821; x_wconf 88' lang='lat' dir='ltr'><strong>oculorum</strong></span> <span class='ocrx_word' id='word_1_35' title='bbox 1125 755 1266 844; x_wconf 82' lang='lat' dir='ltr'><strong>caligini,</strong></span> 
     </span>
     <span class='ocr_line' id='line_1_6' title="bbox 145 856 1268 947; baseline -0.006 -20"><span class='ocrx_word' id='word_1_36' title='bbox 145 861 321 947; x_wconf 81' lang='lat' dir='ltr'><strong>pterygiis,</strong></span> <span class='ocrx_word' id='word_1_37' title='bbox 348 856 543 946; x_wconf 82' lang='lat' dir='ltr'><strong>genitalibus</strong></span> <span class='ocrx_word' id='word_1_38' title='bbox 570 867 603 924; x_wconf 91' lang='lat' dir='ltr'><strong>et</strong></span> <span class='ocrx_word' id='word_1_39' title='bbox 627 856 678 923; x_wconf 90' lang='lat' dir='ltr'><strong>his</strong></span> <span class='ocrx_word' id='word_1_40' title='bbox 705 878 785 941; x_wconf 89' lang='lat' dir='ltr'><strong>quas</strong></span> <span class='ocrx_word' id='word_1_41' title='bbox 807 880 918 924; x_wconf 89' lang='lat' dir='ltr'><strong>nomas</strong></span> <span class='ocrx_word' id='word_1_42' title='bbox 940 869 1056 924; x_wconf 87' lang='lat' dir='ltr'><strong>vocant</strong></span> <span class='ocrx_word' id='word_1_43' title='bbox 1077 868 1109 922; x_wconf 92' lang='lat' dir='ltr'><strong>et</strong></span> <span class='ocrx_word' id='word_1_44' title='bbox 1130 879 1213 942; x_wconf 87' lang='lat' dir='ltr'><strong>quae</strong></span> <span class='ocrx_word' id='word_1_45' title='bbox 1234 857 1268 921; x_wconf 90' lang='lat' dir='ltr'><strong>in</strong></span> 
     </span>
     <span class='ocr_line' id='line_1_7' title="bbox 145 958 1267 1045; baseline -0.005 -18"><span class='ocrx_word' id='word_1_46' title='bbox 145 962 305 1027; x_wconf 86' lang='lat' dir='ltr'><strong>ulceribus</strong></span> <span class='ocrx_word' id='word_1_47' title='bbox 334 970 540 1036; x_wconf 84' lang='lat' dir='ltr'><strong>excrescunt3</strong></span> <span class='ocrx_word' id='word_1_48' title='bbox 574 968 685 1024; x_wconf 87' lang='lat' dir='ltr'><strong>contra</strong></span> <span class='ocrx_word' id='word_1_49' title='bbox 710 959 851 1045; x_wconf 90' lang='lat' dir='ltr'><strong>leporem</strong></span> <span class='ocrx_word' id='word_1_50' title='bbox 879 958 1040 1024; x_wconf 89' lang='lat' dir='ltr'><strong>marinam</strong></span> <span class='ocrx_word' id='word_1_51' title='bbox 1067 958 1128 1024; x_wconf 93' lang='lat' dir='ltr'><strong>hoc</strong></span> <span class='ocrx_word' id='word_1_52' title='bbox 1156 958 1267 1023; x_wconf 90' lang='lat' dir='ltr'><strong>modo:</strong></span> 
     </span>
     <span class='ocr_line' id='line_1_8' title="bbox 146 1059 1268 1144; baseline -0.005 -15"><span class='ocrx_word' id='word_1_53' title='bbox 146 1064 246 1129; x_wconf 88' lang='lat' dir='ltr'><strong>acinis</strong></span> <span class='ocrx_word' id='word_1_54' title='bbox 267 1062 409 1127; x_wconf 88' lang='lat' dir='ltr'><strong>detracto</strong></span> <span class='ocrx_word' id='word_1_55' title='bbox 431 1061 549 1127; x_wconf 91' lang='lat' dir='ltr'><strong>cortice</strong></span> <span class='ocrx_word' id='word_1_56' title='bbox 573 1060 676 1126; x_wconf 90' lang='lat' dir='ltr'><strong>tunsis</strong></span> <span class='ocrx_word' id='word_1_57' title='bbox 698 1081 840 1144; x_wconf 88' lang='lat' dir='ltr'><strong>sucoque</strong></span> <span class='ocrx_word' id='word_1_58' title='bbox 855 1060 987 1126; x_wconf 90' lang='lat' dir='ltr'><strong>decocto</strong></span> <span class='ocrx_word' id='word_1_59' title='bbox 1000 1061 1043 1125; x_wconf 88' lang='lat' dir='ltr'><strong>ad</strong></span> <span class='ocrx_word' id='word_1_60' title='bbox 1057 1060 1179 1137; x_wconf 91' lang='lat' dir='ltr'><strong>tertias,</strong></span> <span class='ocrx_word' id='word_1_61' title='bbox 1194 1059 1268 1125; x_wconf 92' lang='lat' dir='ltr'><strong>dein</strong></span> 
     </span>
     <span class='ocr_line' id='line_1_9' title="bbox 148 1160 1268 1241; baseline -0.004 -11"><span class='ocrx_word' id='word_1_62' title='bbox 148 1187 221 1230; x_wconf 92' lang='lat' dir='ltr'><strong>cum</strong></span> <span class='ocrx_word' id='word_1_63' title='bbox 248 1163 332 1231; x_wconf 85' lang='lat' dir='ltr'><strong>croci</strong></span> <span class='ocrx_word' id='word_1_64' title='bbox 354 1174 386 1228; x_wconf 92' lang='lat' dir='ltr'><strong>et</strong></span> <span class='ocrx_word' id='word_1_65' title='bbox 407 1162 555 1227; x_wconf 88' lang='lat' dir='ltr'><strong>aluminis</strong></span> <span class='ocrx_word' id='word_1_66' title='bbox 579 1162 682 1240; x_wconf 83' lang='lat' dir='ltr'><strong>scissi,</strong></span> <span class='ocrx_word' id='word_1_67' title='bbox 703 1185 846 1241; x_wconf 92' lang='lat' dir='ltr'><strong>murrae,</strong></span> <span class='ocrx_word' id='word_1_68' title='bbox 875 1162 977 1228; x_wconf 91' lang='lat' dir='ltr'><strong>mellis</strong></span> <span class='ocrx_word' id='word_1_69' title='bbox 1003 1161 1105 1227; x_wconf 88' lang='lat' dir='ltr'><strong>Attici</strong></span> <span class='ocrx_word' id='word_1_70' title='bbox 1132 1160 1268 1228; x_wconf 88' lang='lat' dir='ltr'><strong>selibris.</strong></span> 
     </span>
     <span class='ocr_line' id='line_1_10' title="bbox 146 1262 1331 1349; baseline -0.003 -18"><span class='ocrx_word' id='word_1_71' title='bbox 146 1266 213 1331; x_wconf 88' lang='lat' dir='ltr'><strong>Alii</strong></span> <span class='ocrx_word' id='word_1_72' title='bbox 244 1276 277 1330; x_wconf 91' lang='lat' dir='ltr'><strong>et</strong></span> <span class='ocrx_word' id='word_1_73' title='bbox 299 1264 360 1330; x_wconf 92' lang='lat' dir='ltr'><strong>hoc</strong></span> <span class='ocrx_word' id='word_1_74' title='bbox 385 1263 481 1327; x_wconf 90' lang='lat' dir='ltr'><strong>modo</strong></span> <span class='ocrx_word' id='word_1_75' title='bbox 510 1262 646 1328; x_wconf 86' lang='lat' dir='ltr'><strong>faciunt:</strong></span> <span class='ocrx_word' id='word_1_76' title='bbox 680 1263 799 1349; x_wconf 89' lang='lat' dir='ltr'><strong>punica</strong></span> <span class='ocrx_word' id='word_1_77' title='bbox 826 1263 918 1330; x_wconf 90' lang='lat' dir='ltr'><strong>acida</strong></span> <span class='ocrx_word' id='word_1_78' title='bbox 946 1264 1047 1329; x_wconf 89' lang='lat' dir='ltr'><strong>multa</strong></span> <span class='ocrx_word' id='word_1_79' title='bbox 1073 1264 1268 1342; x_wconf 77' lang='lat' dir='ltr'><strong>tunduntur3</strong></span> <span class='ocrx_word' id='word_1_80' title='bbox 1284 1283 1331 1327; x_wconf 84' lang='lat' dir='ltr'><strong>ros</strong></span> 
     </span>
     <span class='ocr_line' id='line_1_11' title="bbox 147 1364 1268 1449; baseline -0.002 -18"><span class='ocrx_word' id='word_1_81' title='bbox 147 1387 242 1431; x_wconf 89' lang='lat' dir='ltr'><strong>sucus</strong></span> <span class='ocrx_word' id='word_1_82' title='bbox 268 1366 303 1430; x_wconf 89' lang='lat' dir='ltr'><strong>in</strong></span> <span class='ocrx_word' id='word_1_83' title='bbox 329 1364 447 1431; x_wconf 88' lang='lat' dir='ltr'><strong>cacabo</strong></span> <span class='ocrx_word' id='word_1_84' title='bbox 475 1387 558 1430; x_wconf 88' lang='lat' dir='ltr'><strong>novo</strong></span> <span class='ocrx_word' id='word_1_85' title='bbox 580 1364 727 1449; x_wconf 88' lang='lat' dir='ltr'><strong>coquitur</strong></span> <span class='ocrx_word' id='word_1_86' title='bbox 748 1364 850 1430; x_wconf 90' lang='lat' dir='ltr'><strong>mellis</strong></span> <span class='ocrx_word' id='word_1_87' title='bbox 872 1366 1082 1431; x_wconf 87' lang='lat' dir='ltr'><strong>crassitudine</strong></span> <span class='ocrx_word' id='word_1_88' title='bbox 1104 1366 1146 1430; x_wconf 92' lang='lat' dir='ltr'><strong>ad</strong></span> <span class='ocrx_word' id='word_1_89' title='bbox 1167 1364 1268 1432; x_wconf 87' lang='lat' dir='ltr'><strong>virili-</strong></span> 
     </span>
     <span class='ocr_line' id='line_1_12' title="bbox 147 1465 1279 1552; baseline 0 -20"><span class='ocrx_word' id='word_1_90' title='bbox 147 1468 222 1532; x_wconf 87' lang='lat' dir='ltr'><strong>tatis</strong></span> <span class='ocrx_word' id='word_1_91' title='bbox 243 1479 275 1533; x_wconf 89' lang='lat' dir='ltr'><strong>et</strong></span> <span class='ocrx_word' id='word_1_92' title='bbox 297 1467 383 1533; x_wconf 91' lang='lat' dir='ltr'><strong>sedis</strong></span> <span class='ocrx_word' id='word_1_93' title='bbox 411 1466 490 1532; x_wconf 88' lang='lat' dir='ltr'><strong>vitia</strong></span> <span class='ocrx_word' id='word_1_94' title='bbox 516 1477 548 1531; x_wconf 86' lang='lat' dir='ltr'><strong>et</strong></span> <span class='ocrx_word' id='word_1_95' title='bbox 567 1465 673 1532; x_wconf 91' lang='lat' dir='ltr'><strong>omnia</strong></span> <span class='ocrx_word' id='word_1_96' title='bbox 694 1489 776 1551; x_wconf 89' lang='lat' dir='ltr'><strong>quae</strong></span> <span class='ocrx_word' id='word_1_97' title='bbox 798 1466 883 1551; x_wconf 88' lang='lat' dir='ltr'><strong>lycio</strong></span> <span class='ocrx_word' id='word_1_98' title='bbox 904 1478 1071 1546; x_wconf 87' lang='lat' dir='ltr'><strong>curantur,</strong></span> <span class='ocrx_word' id='word_1_99' title='bbox 1099 1467 1185 1532; x_wconf 89' lang='lat' dir='ltr'><strong>auris</strong></span> <span class='ocrx_word' id='word_1_100' title='bbox 1206 1490 1279 1552; x_wconf 48' lang='lat' dir='ltr'><strong>pur</strong></span> 
     </span>
     <span class='ocr_line' id='line_1_13' title="bbox 147 1566 1268 1655; baseline 0.001 -21"><span class='ocrx_word' id='word_1_101' title='bbox 147 1570 304 1648; x_wconf 86' lang='lat' dir='ltr'><strong>rulentas,</strong></span> <span class='ocrx_word' id='word_1_102' title='bbox 332 1569 503 1655; x_wconf 90' lang='lat' dir='ltr'><strong>epiphoras</strong></span> <span class='ocrx_word' id='word_1_103' title='bbox 524 1566 722 1654; x_wconf 90' lang='lat' dir='ltr'><strong>incipientis,</strong></span> <span class='ocrx_word' id='word_1_104' title='bbox 751 1566 867 1633; x_wconf 90' lang='lat' dir='ltr'><strong>rubras</strong></span> <span class='ocrx_word' id='word_1_105' title='bbox 887 1569 1029 1634; x_wconf 89' lang='lat' dir='ltr'><strong>maculas</strong></span> <span class='ocrx_word' id='word_1_106' title='bbox 1050 1570 1083 1636; x_wconf 92' lang='lat' dir='ltr'><strong>in</strong></span> <span class='ocrx_word' id='word_1_107' title='bbox 1104 1569 1253 1635; x_wconf 90' lang='lat' dir='ltr'><strong>manibus</strong></span> <span class='ocrx_word' id='word_1_108' title='bbox 1258 1593 1268 1647; x_wconf 82' lang='lat'>3</span> 
     </span>
     <span class='ocr_line' id='line_1_14' title="bbox 148 1667 1269 1758; baseline 0 -23"><span class='ocrx_word' id='word_1_109' title='bbox 148 1672 228 1737; x_wconf 90' lang='lat' dir='ltr'><strong>rami</strong></span> <span class='ocrx_word' id='word_1_110' title='bbox 255 1670 446 1758; x_wconf 89' lang='lat' dir='ltr'><strong>punicorum</strong></span> <span class='ocrx_word' id='word_1_111' title='bbox 476 1670 631 1756; x_wconf 90' lang='lat' dir='ltr'><strong>serpentis</strong></span> <span class='ocrx_word' id='word_1_112' title='bbox 660 1670 786 1757; x_wconf 82' lang='lat' dir='ltr'><strong>fugant</strong></span> <span class='ocrx_word' id='word_1_113' title='bbox 824 1667 953 1736; x_wconf 84' lang='lat' dir='ltr'><strong>Cortice</strong></span> <span class='ocrx_word' id='word_1_114' title='bbox 984 1670 1095 1757; x_wconf 88' lang='lat' dir='ltr'><strong>punici</strong></span> <span class='ocrx_word' id='word_1_115' title='bbox 1123 1694 1164 1737; x_wconf 89' lang='lat' dir='ltr'><strong>ex</strong></span> <span class='ocrx_word' id='word_1_116' title='bbox 1194 1670 1269 1737; x_wconf 88' lang='lat' dir='ltr'><strong>vino</strong></span> 
     </span>
     <span class='ocr_line' id='line_1_15' title="bbox 149 1757 1269 1858; baseline -0.003 -19"><span class='ocrx_word' id='word_1_117' title='bbox 149 1757 233 1839; x_wconf 83' lang='lat' dir='ltr'><strong>cocti</strong></span> <span class='ocrx_word' id='word_1_118' title='bbox 254 1784 288 1838; x_wconf 91' lang='lat' dir='ltr'><strong>et</strong></span> <span class='ocrx_word' id='word_1_119' title='bbox 307 1773 440 1858; x_wconf 90' lang='lat' dir='ltr'><strong>inpositi</strong></span> <span class='ocrx_word' id='word_1_120' title='bbox 466 1772 637 1857; x_wconf 85' lang='lat' dir='ltr'><strong>perniones</strong></span> <span class='ocrx_word' id='word_1_121' title='bbox 667 1782 829 1837; x_wconf 87' lang='lat' dir='ltr'><strong>sanantur.</strong></span> <span class='ocrx_word' id='word_1_122' title='bbox 864 1769 1068 1839; x_wconf 85' lang='lat' dir='ltr'><strong>Contunsum</strong></span> <span class='ocrx_word' id='word_1_123' title='bbox 1088 1773 1206 1839; x_wconf 83' lang='lat' dir='ltr'><strong>malma</strong></span> <span class='ocrx_word' id='word_1_124' title='bbox 1229 1795 1269 1839; x_wconf 87' lang='lat' dir='ltr'><strong>ex</strong></span> 
     </span>
     <span class='ocr_line' id='line_1_16' title="bbox 148 1873 1269 1941; baseline 0.001 -2"><span class='ocrx_word' id='word_1_125' title='bbox 148 1874 250 1941; x_wconf 89' lang='lat' dir='ltr'><strong>tribus</strong></span> <span class='ocrx_word' id='word_1_126' title='bbox 275 1873 413 1940; x_wconf 89' lang='lat' dir='ltr'><strong>heminis</strong></span> <span class='ocrx_word' id='word_1_127' title='bbox 440 1873 506 1939; x_wconf 91' lang='lat' dir='ltr'><strong>vini</strong></span> <span class='ocrx_word' id='word_1_128' title='bbox 533 1873 699 1939; x_wconf 88' lang='lat' dir='ltr'><strong>decoctum</strong></span> <span class='ocrx_word' id='word_1_129' title='bbox 727 1874 769 1938; x_wconf 90' lang='lat' dir='ltr'><strong>ad</strong></span> <span class='ocrx_word' id='word_1_130' title='bbox 793 1873 954 1939; x_wconf 88' lang='lat' dir='ltr'><strong>heminam</strong></span> <span class='ocrx_word' id='word_1_131' title='bbox 981 1874 1117 1940; x_wconf 87' lang='lat' dir='ltr'><strong>tormina</strong></span> <span class='ocrx_word' id='word_1_132' title='bbox 1141 1886 1173 1939; x_wconf 91' lang='lat' dir='ltr'><strong>et</strong></span> <span class='ocrx_word' id='word_1_133' title='bbox 1199 1886 1269 1940; x_wconf 88' lang='lat' dir='ltr'><strong>tee-</strong></span> 
     </span>
     <span class='ocr_line' id='line_1_17' title="bbox 147 1974 1270 2062; baseline 0.002 -22"><span class='ocrx_word' id='word_1_134' title='bbox 147 1975 218 2041; x_wconf 91' lang='lat' dir='ltr'><strong>nias</strong></span> <span class='ocrx_word' id='word_1_135' title='bbox 239 1975 339 2061; x_wconf 92' lang='lat' dir='ltr'><strong>pellit.</strong></span> <span class='ocrx_word' id='word_1_136' title='bbox 368 1974 529 2040; x_wconf 92' lang='lat' dir='ltr'><strong>Punicum</strong></span> <span class='ocrx_word' id='word_1_137' title='bbox 549 1975 584 2041; x_wconf 93' lang='lat' dir='ltr'><strong>in</strong></span> <span class='ocrx_word' id='word_1_138' title='bbox 605 1976 668 2041; x_wconf 89' lang='lat' dir='ltr'><strong>olla</strong></span> <span class='ocrx_word' id='word_1_139' title='bbox 689 1998 784 2054; x_wconf 88' lang='lat' dir='ltr'><strong>nova,</strong></span> <span class='ocrx_word' id='word_1_140' title='bbox 807 1977 977 2062; x_wconf 84' lang='lat' dir='ltr'><strong>coperculo</strong></span> <span class='ocrx_word' id='word_1_141' title='bbox 997 1976 1098 2053; x_wconf 91' lang='lat' dir='ltr'><strong>inlito,</strong></span> <span class='ocrx_word' id='word_1_142' title='bbox 1120 1974 1153 2039; x_wconf 90' lang='lat' dir='ltr'><strong>in</strong></span> <span class='ocrx_word' id='word_1_143' title='bbox 1175 1976 1270 2042; x_wconf 86' lang='lat' dir='ltr'><strong>furno</strong></span> 
     </span>
     <span class='ocr_line' id='line_1_18' title="bbox 149 2076 1272 2173; baseline -0.001 -30"><span class='ocrx_word' id='word_1_144' title='bbox 149 2089 299 2173; x_wconf 73' lang='lat' dir='ltr'><strong>exustum</strong></span> <span class='ocrx_word' id='word_1_145' title='bbox 320 2088 352 2142; x_wconf 90' lang='lat' dir='ltr'><strong>et</strong></span> <span class='ocrx_word' id='word_1_146' title='bbox 374 2078 545 2143; x_wconf 90' lang='lat' dir='ltr'><strong>contritum</strong></span> <span class='ocrx_word' id='word_1_147' title='bbox 568 2087 741 2163; x_wconf 89' lang='lat' dir='ltr'><strong>potumque</strong></span> <span class='ocrx_word' id='word_1_148' title='bbox 762 2077 795 2141; x_wconf 95' lang='lat' dir='ltr'><strong>in</strong></span> <span class='ocrx_word' id='word_1_149' title='bbox 814 2077 889 2142; x_wconf 88' lang='lat' dir='ltr'><strong>vino</strong></span> <span class='ocrx_word' id='word_1_150' title='bbox 905 2077 990 2141; x_wconf 90' lang='lat' dir='ltr'><strong>sistit</strong></span> <span class='ocrx_word' id='word_1_151' title='bbox 1004 2076 1118 2153; x_wconf 90' lang='lat' dir='ltr'><strong>alvom,</strong></span> <span class='ocrx_word' id='word_1_152' title='bbox 1140 2077 1272 2143; x_wconf 90' lang='lat' dir='ltr'><strong>discutit</strong></span> 
     </span>
     <span class='ocr_line' id='line_1_19' title="bbox 149 2179 295 2245; baseline 0.007 -1"><span class='ocrx_word' id='word_1_153' title='bbox 149 2179 295 2245; x_wconf 89' lang='lat' dir='ltr'><strong>tormina.</strong></span> 
     </span>
    </p>

    <p class='ocr_par' dir='ltr' id='par_1_4' title="bbox 191 2279 1334 2368">
     <span class='ocr_line' id='line_1_20' title="bbox 191 2279 1334 2368; baseline -0.006 -20"><span class='ocrx_word' id='word_1_154' title='bbox 191 2284 243 2348; x_wconf 82' lang='lat'><strong>59.</strong></span> <span class='ocrx_word' id='word_1_155' title='bbox 274 2281 405 2346; x_wconf 90' lang='lat' dir='ltr'><strong>Primus</strong></span> <span class='ocrx_word' id='word_1_156' title='bbox 431 2280 520 2368; x_wconf 90' lang='lat' dir='ltr'><strong>pomi</strong></span> <span class='ocrx_word' id='word_1_157' title='bbox 545 2279 641 2345; x_wconf 91' lang='lat' dir='ltr'><strong>huius</strong></span> <span class='ocrx_word' id='word_1_158' title='bbox 667 2290 780 2366; x_wconf 90' lang='lat' dir='ltr'><strong>partus</strong></span> <span class='ocrx_word' id='word_1_159' title='bbox 804 2280 918 2346; x_wconf 89' lang='lat' dir='ltr'><strong>florere</strong></span> <span class='ocrx_word' id='word_1_160' title='bbox 939 2279 1122 2366; x_wconf 90' lang='lat' dir='ltr'><strong>incipientis</strong></span> <span class='ocrx_word' id='word_1_161' title='bbox 1144 2281 1271 2365; x_wconf 86' lang='lat' dir='ltr'><strong>cytinus</strong></span> <span class='ocrx_word' id='word_1_162' title='bbox 1286 2299 1334 2342; x_wconf 83' lang='lat'><strong>110</strong></span> 
     </span>
    </p>
   </div>
   <div class='ocr_carea' id='block_1_3' title="bbox 148 2380 1273 2976">
    <p class='ocr_par' dir='ltr' id='par_1_5' title="bbox 148 2380 1273 2976">
     <span class='ocr_line' id='line_1_21' title="bbox 148 2380 1270 2468; baseline 0 -22"><span class='ocrx_word' id='word_1_163' title='bbox 148 2392 280 2447; x_wconf 87' lang='lat' dir='ltr'><strong>vocatur</strong></span> <span class='ocrx_word' id='word_1_164' title='bbox 307 2405 327 2447; x_wconf 91' lang='lat' dir='ltr'><strong>a</strong></span> <span class='ocrx_word' id='word_1_165' title='bbox 355 2380 508 2458; x_wconf 87' lang='lat' dir='ltr'><strong>Graecis,</strong></span> <span class='ocrx_word' id='word_1_166' title='bbox 540 2382 639 2447; x_wconf 91' lang='lat' dir='ltr'><strong>mirae</strong></span> <span class='ocrx_word' id='word_1_167' title='bbox 672 2381 904 2449; x_wconf 87' lang='lat' dir='ltr'><strong>observationis</strong></span> <span class='ocrx_word' id='word_1_168' title='bbox 936 2382 1110 2448; x_wconf 89' lang='lat' dir='ltr'><strong>multorum</strong></span> <span class='ocrx_word' id='word_1_169' title='bbox 1143 2381 1270 2468; x_wconf 85' lang='lat' dir='ltr'><strong>experi-</strong></span> 
     </span>
     <span class='ocr_line' id='line_1_22' title="bbox 148 2483 1273 2573; baseline 0.001 -26"><span class='ocrx_word' id='word_1_170' title='bbox 148 2493 270 2548; x_wconf 92' lang='lat' dir='ltr'><strong>mento:</strong></span> <span class='ocrx_word' id='word_1_171' title='bbox 296 2484 323 2549; x_wconf 90' lang='lat' dir='ltr'><strong>si</strong></span> <span class='ocrx_word' id='word_1_172' title='bbox 346 2485 417 2569; x_wconf 93' lang='lat' dir='ltr'><strong>quis</strong></span> <span class='ocrx_word' id='word_1_173' title='bbox 439 2507 538 2549; x_wconf 91' lang='lat' dir='ltr'><strong>unum</strong></span> <span class='ocrx_word' id='word_1_174' title='bbox 561 2507 601 2549; x_wconf 87' lang='lat' dir='ltr'><strong>ex</strong></span> <span class='ocrx_word' id='word_1_175' title='bbox 623 2483 674 2573; x_wconf 83' lang='lat' dir='ltr'><strong>bis</strong></span> <span class='ocrx_word' id='word_1_176' title='bbox 696 2485 821 2549; x_wconf 88' lang='lat' dir='ltr'><strong>solutus</strong></span> <span class='ocrx_word' id='word_1_177' title='bbox 842 2483 967 2549; x_wconf 89' lang='lat' dir='ltr'><strong>vinculo</strong></span> <span class='ocrx_word' id='word_1_178' title='bbox 990 2484 1076 2549; x_wconf 91' lang='lat' dir='ltr'><strong>omni</strong></span> <span class='ocrx_word' id='word_1_179' title='bbox 1098 2485 1221 2550; x_wconf 88' lang='lat' dir='ltr'><strong>cinctus</strong></span> <span class='ocrx_word' id='word_1_180' title='bbox 1240 2498 1273 2549; x_wconf 92' lang='lat' dir='ltr'><strong>et</strong></span> 
     </span>
     <span class='ocr_line' id='line_1_23' title="bbox 149 2584 1270 2673; baseline 0.002 -23"><span class='ocrx_word' id='word_1_181' title='bbox 149 2584 303 2650; x_wconf 89' lang='lat' dir='ltr'><strong>calciatus</strong></span> <span class='ocrx_word' id='word_1_182' title='bbox 330 2598 426 2671; x_wconf 90' lang='lat' dir='ltr'><strong>atque</strong></span> <span class='ocrx_word' id='word_1_183' title='bbox 448 2586 545 2651; x_wconf 87' lang='lat' dir='ltr'><strong>etiam</strong></span> <span class='ocrx_word' id='word_1_184' title='bbox 566 2585 653 2650; x_wconf 89' lang='lat' dir='ltr'><strong>anuli</strong></span> <span class='ocrx_word' id='word_1_185' title='bbox 675 2586 874 2672; x_wconf 84' lang='lat' dir='ltr'><strong>decerpserit</strong></span> <span class='ocrx_word' id='word_1_186' title='bbox 896 2584 1023 2651; x_wconf 94' lang='lat' dir='ltr'><strong>duobus</strong></span> <span class='ocrx_word' id='word_1_187' title='bbox 1045 2585 1170 2673; x_wconf 91' lang='lat' dir='ltr'><strong>digitis,</strong></span> <span class='ocrx_word' id='word_1_188' title='bbox 1199 2586 1270 2673; x_wconf 93' lang='lat' dir='ltr'><strong>pol·</strong></span> 
     </span>
     <span class='ocr_line' id='line_1_24' title="bbox 148 2686 1272 2772; baseline 0.001 -22"><span class='ocrx_word' id='word_1_189' title='bbox 148 2686 210 2751; x_wconf 88' lang='lat' dir='ltr'><strong>lice</strong></span> <span class='ocrx_word' id='word_1_190' title='bbox 233 2696 266 2750; x_wconf 90' lang='lat' dir='ltr'><strong>et</strong></span> <span class='ocrx_word' id='word_1_191' title='bbox 287 2698 400 2771; x_wconf 88' lang='lat' dir='ltr'><strong>quarto</strong></span> <span class='ocrx_word' id='word_1_192' title='bbox 423 2687 571 2752; x_wconf 89' lang='lat' dir='ltr'><strong>sinistrae</strong></span> <span class='ocrx_word' id='word_1_193' title='bbox 592 2709 721 2765; x_wconf 88' lang='lat' dir='ltr'><strong>manas,</strong></span> <span class='ocrx_word' id='word_1_194' title='bbox 751 2697 846 2772; x_wconf 87' lang='lat' dir='ltr'><strong>atque</strong></span> <span class='ocrx_word' id='word_1_195' title='bbox 868 2686 914 2753; x_wconf 85' lang='lat' dir='ltr'><strong>ita</strong></span> <span class='ocrx_word' id='word_1_196' title='bbox 933 2687 1079 2754; x_wconf 88' lang='lat' dir='ltr'><strong>lustratis</strong></span> <span class='ocrx_word' id='word_1_197' title='bbox 1100 2687 1163 2753; x_wconf 89' lang='lat' dir='ltr'><strong>levi</strong></span> <span class='ocrx_word' id='word_1_198' title='bbox 1185 2696 1272 2752; x_wconf 87' lang='lat' dir='ltr'><strong>tactu</strong></span> 
     </span>
     <span class='ocr_line' id='line_1_25' title="bbox 151 2785 1271 2874; baseline 0.002 -25"><span class='ocrx_word' id='word_1_199' title='bbox 151 2785 251 2850; x_wconf 91' lang='lat' dir='ltr'><strong>oculis</strong></span> <span class='ocrx_word' id='word_1_200' title='bbox 272 2786 307 2851; x_wconf 91' lang='lat' dir='ltr'><strong>in</strong></span> <span class='ocrx_word' id='word_1_201' title='bbox 328 2809 366 2852; x_wconf 92' lang='lat' dir='ltr'><strong>os</strong></span> <span class='ocrx_word' id='word_1_202' title='bbox 386 2787 531 2853; x_wconf 87' lang='lat' dir='ltr'><strong>additam</strong></span> <span class='ocrx_word' id='word_1_203' title='bbox 553 2787 770 2867; x_wconf 87' lang='lat' dir='ltr'><strong>devoraverit,</strong></span> <span class='ocrx_word' id='word_1_204' title='bbox 792 2812 832 2853; x_wconf 91' lang='lat' dir='ltr'><strong>ne</strong></span> <span class='ocrx_word' id='word_1_205' title='bbox 854 2788 951 2854; x_wconf 89' lang='lat' dir='ltr'><strong>dente</strong></span> <span class='ocrx_word' id='word_1_206' title='bbox 971 2788 1151 2874; x_wconf 85' lang='lat' dir='ltr'><strong>contingat,</strong></span> <span class='ocrx_word' id='word_1_207' title='bbox 1174 2786 1271 2852; x_wconf 87' lang='lat' dir='ltr'><strong>adfir-</strong></span> 
     </span>
     <span class='ocr_line' id='line_1_26' title="bbox 150 2889 1271 2976; baseline 0.005 -27"><span class='ocrx_word' id='word_1_208' title='bbox 150 2898 256 2951; x_wconf 90' lang='lat' dir='ltr'><strong>matur</strong></span> <span class='ocrx_word' id='word_1_209' title='bbox 277 2889 397 2953; x_wconf 92' lang='lat' dir='ltr'><strong>nullam</strong></span> <span class='ocrx_word' id='word_1_210' title='bbox 419 2891 585 2956; x_wconf 90' lang='lat' dir='ltr'><strong>oculorum</strong></span> <span class='ocrx_word' id='word_1_211' title='bbox 605 2889 844 2955; x_wconf 88' lang='lat' dir='ltr'><strong>inbecillitatem</strong></span> <span class='ocrx_word' id='word_1_212' title='bbox 865 2912 1023 2976; x_wconf 88' lang='lat' dir='ltr'><strong>passurus</strong></span> <span class='ocrx_word' id='word_1_213' title='bbox 1045 2890 1158 2956; x_wconf 92' lang='lat' dir='ltr'><strong>eodem</strong></span> <span class='ocrx_word' id='word_1_214' title='bbox 1177 2912 1271 2955; x_wconf 85' lang='lat' dir='ltr'><strong>anno.</strong></span> 
     </span>
    </p>
   </div>
   <div class='ocr_carea' id='block_1_4' title="bbox 130 3057 1273 4345">
    <p class='ocr_par' dir='ltr' id='par_1_6' title="bbox 150 3057 1272 3326">
     <span class='ocr_line' id='line_1_27' title="bbox 184 3057 1272 3125; baseline 0.004 -14"><span class='ocrx_word' id='word_1_215' title='bbox 184 3057 198 3119; x_wconf 67' lang='grc' dir='ltr'><strong>ἓ</strong></span> <span class='ocrx_word' id='word_1_216' title='bbox 213 3065 270 3111; x_wconf 88' lang='grc'><strong>108.</strong></span> <span class='ocrx_word' id='word_1_217' title='bbox 287 3076 378 3122; x_wconf 71' lang='lat' dir='ltr'><strong>marvo,</strong></span> <span class='ocrx_word' id='word_1_218' title='bbox 387 3063 420 3113; x_wconf 89' lang='lat' dir='ltr'><strong>V.</strong></span> <span class='ocrx_word' id='word_1_219' title='bbox 440 3063 558 3114; x_wconf 84' lang='lat' dir='ltr'><strong>Ceteram</strong></span> <span class='ocrx_word' id='word_1_220' title='bbox 570 3079 593 3113; x_wconf 83' lang='lat' dir='ltr'><strong>v.</strong></span> <span class='ocrx_word' id='word_1_221' title='bbox 606 3063 724 3113; x_wconf 89' lang='lat' dir='ltr'><strong>Dioscor.</strong></span> <span class='ocrx_word' id='word_1_222' title='bbox 738 3068 760 3123; x_wconf 81' lang='lat'><strong>1,</strong></span> <span class='ocrx_word' id='word_1_223' title='bbox 772 3069 828 3114; x_wconf 78' lang='lat'>151.</span> <span class='ocrx_word' id='word_1_224' title='bbox 841 3105 873 3114; x_wconf 90' lang='lat'><strong>...</strong></span> <span class='ocrx_word' id='word_1_225' title='bbox 892 3062 996 3124; x_wconf 83' lang='lat' dir='ltr'><strong>decocta,</strong></span> <span class='ocrx_word' id='word_1_226' title='bbox 1005 3064 1039 3114; x_wconf 84' lang='lat' dir='ltr'><strong>V.</strong></span> <span class='ocrx_word' id='word_1_227' title='bbox 1054 3105 1085 3112; x_wconf 93' lang='grc'><strong>..</strong></span> <span class='ocrx_word' id='word_1_228' title='bbox 1099 3063 1191 3125; x_wconf 82' lang='lat' dir='ltr'><strong>tertios,</strong></span> <span class='ocrx_word' id='word_1_229' title='bbox 1203 3064 1272 3115; x_wconf 83' lang='lat' dir='ltr'><strong>Tsd</strong></span> 
     </span>
     <span class='ocr_line' id='line_1_28' title="bbox 150 3123 1271 3194; baseline 0.005 -20"><span class='ocrx_word' id='word_1_230' title='bbox 150 3124 237 3187; x_wconf 92' lang='lat' dir='ltr'><strong>(codd.</strong></span> <span class='ocrx_word' id='word_1_231' title='bbox 249 3127 375 3190; x_wconf 85' lang='lat' dir='ltr'><strong>Barbari).</strong></span> <span class='ocrx_word' id='word_1_232' title='bbox 393 3137 479 3192; x_wconf 62' lang='lat' dir='ltr'><strong>ternae</strong></span> <span class='ocrx_word' id='word_1_233' title='bbox 495 3123 554 3181; x_wconf 68' lang='lat' dir='ltr'><strong>GV.</strong></span> <span class='ocrx_word' id='word_1_234' title='bbox 568 3173 597 3181; x_wconf 89' lang='lat'>-</span> <span class='ocrx_word' id='word_1_235' title='bbox 618 3129 671 3180; x_wconf 82' lang='lat' dir='ltr'><strong>dein</strong></span> <span class='ocrx_word' id='word_1_236' title='bbox 683 3147 743 3193; x_wconf 86' lang='lat' dir='ltr'><strong>cum,</strong></span> <span class='ocrx_word' id='word_1_237' title='bbox 756 3129 901 3194; x_wconf 47' lang='lat' dir='ltr'><strong>Td*(codd.</strong></span> <span class='ocrx_word' id='word_1_238' title='bbox 913 3129 1040 3192; x_wconf 76' lang='lat' dir='ltr'><strong>Barbari).</strong></span> <span class='ocrx_word' id='word_1_239' title='bbox 1059 3129 1147 3190; x_wconf 68' lang='lat' dir='ltr'><strong>decern</strong></span> <span class='ocrx_word' id='word_1_240' title='bbox 1160 3132 1193 3181; x_wconf 86' lang='lat' dir='ltr'><strong>V.</strong></span> <span class='ocrx_word' id='word_1_241' title='bbox 1212 3147 1271 3192; x_wconf 76' lang='lat' dir='ltr'><strong>aas,</strong></span> 
     </span>
     <span class='ocr_line' id='line_1_29' title="bbox 150 3189 1272 3261; baseline 0.004 -18"><span class='ocrx_word' id='word_1_242' title='bbox 150 3189 221 3258; x_wconf 69' lang='lat' dir='ltr'><strong>assr.</strong></span> <span class='ocrx_word' id='word_1_243' title='bbox 240 3236 272 3245; x_wconf 85' lang='lat'><strong>..</strong></span> <span class='ocrx_word' id='word_1_244' title='bbox 299 3197 368 3257; x_wconf 82' lang='lat' dir='ltr'><strong>croci,</strong></span> <span class='ocrx_word' id='word_1_245' title='bbox 384 3200 423 3247; x_wconf 90' lang='lat' dir='ltr'><strong>ad</strong></span> <span class='ocrx_word' id='word_1_246' title='bbox 440 3196 525 3260; x_wconf 88' lang='lat' dir='ltr'><strong>(codd.</strong></span> <span class='ocrx_word' id='word_1_247' title='bbox 544 3196 669 3259; x_wconf 85' lang='lat' dir='ltr'><strong>Barbari).</strong></span> <span class='ocrx_word' id='word_1_248' title='bbox 696 3215 771 3260; x_wconf 86' lang='lat' dir='ltr'><strong>croco,</strong></span> <span class='ocrx_word' id='word_1_249' title='bbox 789 3200 851 3250; x_wconf 83' lang='lat' dir='ltr'><strong>VT.</strong></span> <span class='ocrx_word' id='word_1_250' title='bbox 876 3240 907 3249; x_wconf 89' lang='lat'><strong>..</strong></span> <span class='ocrx_word' id='word_1_251' title='bbox 933 3199 1033 3260; x_wconf 70' lang='lat' dir='ltr'><strong>selibras,</strong></span> <span class='ocrx_word' id='word_1_252' title='bbox 1046 3200 1093 3249; x_wconf 91' lang='lat' dir='ltr'><strong>Va</strong></span> <span class='ocrx_word' id='word_1_253' title='bbox 1110 3197 1197 3261; x_wconf 89' lang='lat' dir='ltr'><strong>(codd.</strong></span> <span class='ocrx_word' id='word_1_254' title='bbox 1208 3201 1272 3248; x_wconf 89' lang='lat' dir='ltr'><strong>Bar-</strong></span> 
     </span>
     <span class='ocr_line' id='line_1_30' title="bbox 150 3261 436 3326; baseline 0.014 -15"><span class='ocrx_word' id='word_1_255' title='bbox 150 3261 226 3324; x_wconf 87' lang='lat' dir='ltr'><strong>bari).</strong></span> <span class='ocrx_word' id='word_1_256' title='bbox 243 3279 285 3312; x_wconf 79' lang='lat' dir='ltr'><strong>aar</strong></span> <span class='ocrx_word' id='word_1_257' title='bbox 297 3262 371 3326; x_wconf 80' lang='lat' dir='ltr'><strong>libris,</strong></span> <span class='ocrx_word' id='word_1_258' title='bbox 383 3266 436 3315; x_wconf 73' lang='grc' dir='ltr'><strong>Τὰ.</strong></span> 
     </span>
    </p>

    <p class='ocr_par' dir='ltr' id='par_1_7' title="bbox 150 3329 1273 3803">
     <span class='ocr_line' id='line_1_31' title="bbox 185 3329 1273 3396; baseline 0.002 -16"><span class='ocrx_word' id='word_1_259' title='bbox 185 3332 200 3394; x_wconf 67' lang='grc' dir='ltr'><strong>ξ</strong></span> <span class='ocrx_word' id='word_1_260' title='bbox 214 3336 269 3382; x_wconf 79' lang='grc'><strong>109.</strong></span> <span class='ocrx_word' id='word_1_261' title='bbox 292 3331 357 3392; x_wconf 79' lang='lat' dir='ltr'><strong>aliis,</strong></span> <span class='ocrx_word' id='word_1_262' title='bbox 369 3335 393 3383; x_wconf 93' lang='lat' dir='ltr'><strong>d.</strong></span> <span class='ocrx_word' id='word_1_263' title='bbox 412 3372 443 3382; x_wconf 87' lang='lat'><strong>..</strong></span> <span class='ocrx_word' id='word_1_264' title='bbox 467 3331 541 3381; x_wconf 83' lang='lat' dir='ltr'><strong>acida</strong></span> <span class='ocrx_word' id='word_1_265' title='bbox 552 3330 634 3394; x_wconf 82' lang='lat' dir='ltr'><strong>malta,</strong></span> <span class='ocrx_word' id='word_1_266' title='bbox 647 3349 699 3382; x_wconf 89' lang='lat' dir='ltr'><strong>om.</strong></span> <span class='ocrx_word' id='word_1_267' title='bbox 711 3350 734 3382; x_wconf 88' lang='lat' dir='ltr'><strong>a.</strong></span> <span class='ocrx_word' id='word_1_268' title='bbox 757 3334 922 3384; x_wconf 82' lang='lat' dir='ltr'><strong>Adiectivam</strong></span> <span class='ocrx_word' id='word_1_269' title='bbox 937 3329 1012 3380; x_wconf 83' lang='lat' dir='ltr'><strong>multa</strong></span> <span class='ocrx_word' id='word_1_270' title='bbox 1024 3341 1063 3382; x_wconf 85' lang='lat' dir='ltr'><strong>ast</strong></span> <span class='ocrx_word' id='word_1_271' title='bbox 1074 3333 1196 3396; x_wconf 88' lang='lat' dir='ltr'><strong>ineptum,</strong></span> <span class='ocrx_word' id='word_1_272' title='bbox 1214 3347 1273 3382; x_wconf 88' lang='lat' dir='ltr'><strong>cam</strong></span> 
     </span>
     <span class='ocr_line' id='line_1_32' title="bbox 150 3399 1271 3464; baseline 0.004 -18"><span class='ocrx_word' id='word_1_273' title='bbox 150 3399 181 3446; x_wconf 89' lang='lat' dir='ltr'><strong>de</strong></span> <span class='ocrx_word' id='word_1_274' title='bbox 193 3400 272 3448; x_wconf 90' lang='lat' dir='ltr'><strong>modo</strong></span> <span class='ocrx_word' id='word_1_275' title='bbox 284 3407 310 3449; x_wconf 87' lang='lat' dir='ltr'><strong>et</strong></span> <span class='ocrx_word' id='word_1_276' title='bbox 325 3415 442 3451; x_wconf 83' lang='lat' dir='ltr'><strong>mensura</strong></span> <span class='ocrx_word' id='word_1_277' title='bbox 454 3401 560 3449; x_wconf 87' lang='lat' dir='ltr'><strong>alicuius</strong></span> <span class='ocrx_word' id='word_1_278' title='bbox 572 3401 607 3449; x_wconf 89' lang='lat' dir='ltr'><strong>rei</strong></span> <span class='ocrx_word' id='word_1_279' title='bbox 618 3404 758 3464; x_wconf 80' lang='lat' dir='ltr'><strong>numquam</strong></span> <span class='ocrx_word' id='word_1_280' title='bbox 769 3401 806 3450; x_wconf 86' lang='lat' dir='ltr'><strong>ita</strong></span> <span class='ocrx_word' id='word_1_281' title='bbox 817 3402 932 3451; x_wconf 85' lang='lat' dir='ltr'><strong>universe</strong></span> <span class='ocrx_word' id='word_1_282' title='bbox 945 3400 1055 3461; x_wconf 62' lang='lat' dir='ltr'><strong>dicatam</strong></span> <span class='ocrx_word' id='word_1_283' title='bbox 1072 3401 1123 3450; x_wconf 87' lang='lat' dir='ltr'><strong>iam</strong></span> <span class='ocrx_word' id='word_1_284' title='bbox 1135 3415 1193 3449; x_wconf 85' lang='lat' dir='ltr'><strong>carn</strong></span> <span class='ocrx_word' id='word_1_285' title='bbox 1205 3399 1271 3450; x_wconf 89' lang='lat' dir='ltr'><strong>Plin.</strong></span> 
     </span>
     <span class='ocr_line' id='line_1_33' title="bbox 152 3467 1272 3532; baseline 0.004 -19"><span class='ocrx_word' id='word_1_286' title='bbox 152 3470 192 3526; x_wconf 86' lang='lat' dir='ltr'><strong>ts,</strong></span> <span class='ocrx_word' id='word_1_287' title='bbox 207 3470 263 3516; x_wconf 77' lang='lat'>11³.</span> <span class='ocrx_word' id='word_1_288' title='bbox 286 3467 438 3532; x_wconf 85' lang='lat' dir='ltr'><strong>punicorum</strong></span> <span class='ocrx_word' id='word_1_289' title='bbox 450 3481 598 3516; x_wconf 89' lang='lat' dir='ltr'><strong>communes</strong></span> <span class='ocrx_word' id='word_1_290' title='bbox 610 3468 716 3517; x_wconf 86' lang='lat' dir='ltr'><strong>nucleos</strong></span> <span class='ocrx_word' id='word_1_291' title='bbox 728 3467 878 3518; x_wconf 86' lang='lat' dir='ltr'><strong>habentium</strong></span> <span class='ocrx_word' id='word_1_292' title='bbox 894 3467 1005 3532; x_wconf 89' lang='lat' dir='ltr'><strong>quinque</strong></span> <span class='ocrx_word' id='word_1_293' title='bbox 1021 3483 1115 3532; x_wconf 85' lang='lat' dir='ltr'><strong>genera</strong></span> <span class='ocrx_word' id='word_1_294' title='bbox 1133 3477 1272 3526; x_wconf 85' lang='lat' dir='ltr'><strong>enumeret,</strong></span> 
     </span>
     <span class='ocr_line' id='line_1_34' title="bbox 151 3529 1273 3600; baseline 0.006 -21"><span class='ocrx_word' id='word_1_295' title='bbox 151 3529 237 3592; x_wconf 79' lang='lat' dir='ltr'><strong>dulcia,</strong></span> <span class='ocrx_word' id='word_1_296' title='bbox 253 3534 328 3593; x_wconf 71' lang='lat' dir='ltr'><strong>wsb,</strong></span> <span class='ocrx_word' id='word_1_297' title='bbox 341 3533 424 3596; x_wconf 63' lang='lat' dir='ltr'><strong>mata,</strong></span> <span class='ocrx_word' id='word_1_298' title='bbox 435 3532 515 3596; x_wconf 80' lang='lat' dir='ltr'><strong>acida,</strong></span> <span class='ocrx_word' id='word_1_299' title='bbox 528 3533 619 3594; x_wconf 70' lang='grc' dir='ltr'><em>υίηοεα,</em></span> <span class='ocrx_word' id='word_1_300' title='bbox 635 3535 756 3585; x_wconf 88' lang='lat' dir='ltr'><strong>hocloco</strong></span> <span class='ocrx_word' id='word_1_301' title='bbox 768 3535 902 3599; x_wconf 81' lang='lat' dir='ltr'><strong>legendum</strong></span> <span class='ocrx_word' id='word_1_302' title='bbox 916 3537 1033 3587; x_wconf 84' lang='lat' dir='ltr'><strong>existimo</strong></span> <span class='ocrx_word' id='word_1_303' title='bbox 1050 3535 1124 3586; x_wconf 80' lang='lat' dir='ltr'><strong>acida</strong></span> <span class='ocrx_word' id='word_1_304' title='bbox 1135 3535 1211 3585; x_wconf 79' lang='lat' dir='ltr'><strong>mixta</strong></span> <span class='ocrx_word' id='word_1_305' title='bbox 1227 3550 1273 3600; x_wconf 88' lang='lat' dir='ltr'><strong>per</strong></span> 
     </span>
     <span class='ocr_line' id='line_1_35' title="bbox 151 3601 1271 3667; baseline 0.003 -17"><span class='ocrx_word' id='word_1_306' title='bbox 151 3601 292 3664; x_wconf 81' lang='lat' dir='ltr'><strong>asyndeton</strong></span> <span class='ocrx_word' id='word_1_307' title='bbox 304 3601 387 3652; x_wconf 89' lang='lat' dir='ltr'><strong>Plinio</strong></span> <span class='ocrx_word' id='word_1_308' title='bbox 404 3603 594 3653; x_wconf 64' lang='lat' dir='ltr'><strong>astutissimam</strong></span> <span class='ocrx_word' id='word_1_309' title='bbox 611 3602 703 3667; x_wconf 88' lang='lat' dir='ltr'><strong>copala</strong></span> <span class='ocrx_word' id='word_1_310' title='bbox 719 3603 821 3653; x_wconf 89' lang='lat' dir='ltr'><strong>omissa.</strong></span> <span class='ocrx_word' id='word_1_311' title='bbox 845 3645 876 3655; x_wconf 89' lang='lat'><strong>..</strong></span> <span class='ocrx_word' id='word_1_312' title='bbox 903 3602 1065 3666; x_wconf 70' lang='lat' dir='ltr'><strong>crmsiacdiaa</strong></span> <span class='ocrx_word' id='word_1_313' title='bbox 1082 3620 1104 3654; x_wconf 91' lang='lat' dir='ltr'><strong>a.</strong></span> <span class='ocrx_word' id='word_1_314' title='bbox 1131 3601 1271 3665; x_wconf 64' lang='lat' dir='ltr'><strong>amatado,</strong></span> 
     </span>
     <span class='ocr_line' id='line_1_36' title="bbox 150 3667 1270 3736; baseline 0.005 -19"><span class='ocrx_word' id='word_1_315' title='bbox 150 3668 206 3718; x_wconf 90' lang='lat' dir='ltr'><strong>Vd.</strong></span> <span class='ocrx_word' id='word_1_316' title='bbox 230 3710 261 3718; x_wconf 91' lang='grc'><strong>..</strong></span> <span class='ocrx_word' id='word_1_317' title='bbox 287 3668 394 3718; x_wconf 80' lang='lat' dir='ltr'><strong>macslcu</strong></span> <span class='ocrx_word' id='word_1_318' title='bbox 409 3670 435 3718; x_wconf 82' lang='lat' dir='ltr'><strong>in</strong></span> <span class='ocrx_word' id='word_1_319' title='bbox 451 3669 563 3720; x_wconf 70' lang='lat' dir='ltr'><strong>mansius.</strong></span> <span class='ocrx_word' id='word_1_320' title='bbox 586 3669 668 3732; x_wconf 78' lang='lat' dir='ltr'><strong>Romi,</strong></span> <span class='ocrx_word' id='word_1_321' title='bbox 682 3672 715 3720; x_wconf 89' lang='lat' dir='ltr'><strong>V.</strong></span> <span class='ocrx_word' id='word_1_322' title='bbox 742 3669 857 3721; x_wconf 83' lang='lat' dir='ltr'><strong>maculas.</strong></span> <span class='ocrx_word' id='word_1_323' title='bbox 880 3670 910 3720; x_wconf 85' lang='lat' dir='ltr'><strong>In</strong></span> <span class='ocrx_word' id='word_1_324' title='bbox 925 3667 1219 3736; x_wconf 68' lang='lat' dir='ltr'><strong>manibusrami,adssr.</strong></span> <span class='ocrx_word' id='word_1_325' title='bbox 1240 3713 1270 3723; x_wconf 91' lang='lat'><strong>..</strong></span> 
     </span>
     <span class='ocr_line' id='line_1_37' title="bbox 150 3733 1270 3803; baseline 0.005 -20"><span class='ocrx_word' id='word_1_326' title='bbox 150 3735 284 3786; x_wconf 82' lang='lat' dir='ltr'><strong>cocti.Vd.</strong></span> <span class='ocrx_word' id='word_1_327' title='bbox 310 3734 405 3799; x_wconf 77' lang='lat' dir='ltr'><strong>decocti,</strong></span> <span class='ocrx_word' id='word_1_328' title='bbox 418 3733 489 3801; x_wconf 69' lang='lat' dir='ltr'><strong>assr.</strong></span> <span class='ocrx_word' id='word_1_329' title='bbox 513 3737 604 3786; x_wconf 86' lang='lat' dir='ltr'><strong>decocto</strong></span> <span class='ocrx_word' id='word_1_330' title='bbox 617 3746 639 3787; x_wconf 82' lang='lat' dir='ltr'><strong>et</strong></span> <span class='ocrx_word' id='word_1_331' title='bbox 650 3738 765 3802; x_wconf 79' lang='lat' dir='ltr'><strong>imposito,</strong></span> <span class='ocrx_word' id='word_1_332' title='bbox 778 3739 866 3790; x_wconf 86' lang='lat' dir='ltr'><strong>Dalcc.</strong></span> <span class='ocrx_word' id='word_1_333' title='bbox 886 3780 916 3789; x_wconf 94' lang='lat'><strong>..</strong></span> <span class='ocrx_word' id='word_1_334' title='bbox 940 3736 1099 3800; x_wconf 66' lang='lat' dir='ltr'><strong>decoctuav.</strong></span> <span class='ocrx_word' id='word_1_335' title='bbox 1119 3780 1150 3787; x_wconf 84' lang='lat'><strong>..</strong></span> <span class='ocrx_word' id='word_1_336' title='bbox 1169 3738 1270 3803; x_wconf 70' lang='lat' dir='ltr'><strong>taenias,</strong></span> 
     </span>
    </p>

    <p class='ocr_par' dir='ltr' id='par_1_8' title="bbox 130 3795 1271 4067">
     <span class='ocr_line' id='line_1_38' title="bbox 130 3795 1270 3871; baseline 0.005 -20"><span class='ocrx_word' id='word_1_337' title='bbox 130 3815 138 3829; x_wconf 80' lang='lat'><strong>·</strong></span> <span class='ocrx_word' id='word_1_338' title='bbox 155 3795 263 3852; x_wconf 72' lang='lat' dir='ltr'><strong>OVTd.</strong></span> <span class='ocrx_word' id='word_1_339' title='bbox 282 3803 365 3866; x_wconf 80' lang='lat' dir='ltr'><strong>tincas,</strong></span> <span class='ocrx_word' id='word_1_340' title='bbox 379 3799 427 3866; x_wconf 75' lang='grc' dir='ltr'><strong>αβ.</strong></span> <span class='ocrx_word' id='word_1_341' title='bbox 442 3847 472 3854; x_wconf 76' lang='grc'>-</span> <span class='ocrx_word' id='word_1_342' title='bbox 485 3804 612 3869; x_wconf 86' lang='lat' dir='ltr'><strong>coperculo,</strong></span> <span class='ocrx_word' id='word_1_343' title='bbox 628 3799 738 3857; x_wconf 73' lang='lat' dir='ltr'><strong>OVTd.</strong></span> <span class='ocrx_word' id='word_1_344' title='bbox 757 3806 872 3871; x_wconf 83' lang='lat' dir='ltr'><strong>operculo,</strong></span> <span class='ocrx_word' id='word_1_345' title='bbox 885 3803 933 3868; x_wconf 73' lang='lat' dir='ltr'><strong>ass.</strong></span> <span class='ocrx_word' id='word_1_346' title='bbox 951 3804 1270 3869; x_wconf 75' lang='lat' dir='ltr'><strong>cooperculo,1²15n.vaer.</strong></span> 
     </span>
     <span class='ocr_line' id='line_1_39' title="bbox 152 3871 1271 3937; baseline 0.005 -19"><span class='ocrx_word' id='word_1_347' title='bbox 152 3879 167 3919; x_wconf 85' lang='grc'><strong>4</strong></span> <span class='ocrx_word' id='word_1_348' title='bbox 190 3877 239 3931; x_wconf 82' lang='grc' dir='ltr'><strong>4ο.,</strong></span> <span class='ocrx_word' id='word_1_349' title='bbox 250 3885 275 3934; x_wconf 74' lang='grc' dir='ltr'><strong>γ.</strong></span> <span class='ocrx_word' id='word_1_350' title='bbox 293 3872 333 3922; x_wconf 90' lang='lat' dir='ltr'><strong>De</strong></span> <span class='ocrx_word' id='word_1_351' title='bbox 346 3874 410 3923; x_wconf 87' lang='lat' dir='ltr'><strong>crasi</strong></span> <span class='ocrx_word' id='word_1_352' title='bbox 426 3874 452 3922; x_wconf 87' lang='lat' dir='ltr'><strong>in</strong></span> <span class='ocrx_word' id='word_1_353' title='bbox 469 3888 530 3922; x_wconf 87' lang='lat' dir='ltr'><strong>voce</strong></span> <span class='ocrx_word' id='word_1_354' title='bbox 541 3871 687 3937; x_wconf 78' lang='lat' dir='ltr'><strong>caperratum</strong></span> <span class='ocrx_word' id='word_1_355' title='bbox 702 3890 725 3923; x_wconf 82' lang='lat' dir='ltr'><strong>v.</strong></span> <span class='ocrx_word' id='word_1_356' title='bbox 738 3876 845 3925; x_wconf 89' lang='lat' dir='ltr'><strong>Lachm.</strong></span> <span class='ocrx_word' id='word_1_357' title='bbox 858 3877 889 3924; x_wconf 85' lang='lat' dir='ltr'><strong>ad</strong></span> <span class='ocrx_word' id='word_1_358' title='bbox 900 3874 1001 3923; x_wconf 79' lang='lat' dir='ltr'><strong>Lucret</strong></span> <span class='ocrx_word' id='word_1_359' title='bbox 1015 3879 1039 3934; x_wconf 76' lang='lat'><strong>2,</strong></span> <span class='ocrx_word' id='word_1_360' title='bbox 1054 3878 1127 3925; x_wconf 83' lang='grc'><strong>1061.</strong></span> <span class='ocrx_word' id='word_1_361' title='bbox 1149 3915 1173 3924; x_wconf 89' lang='grc'><strong>-</strong></span> <span class='ocrx_word' id='word_1_362' title='bbox 1196 3874 1271 3937; x_wconf 80' lang='lat' dir='ltr'><strong>inlito,</strong></span> 
     </span>
     <span class='ocr_line' id='line_1_40' title="bbox 155 3906 1271 4067; baseline 0.01 -83"><span class='ocrx_word' id='word_1_363' title='bbox 155 3906 276 4067; x_wconf 53' lang='lat' dir='ltr'><strong>&amp;urps</strong></span> <span class='ocrx_word' id='word_1_364' title='bbox 292 3937 371 4001; x_wconf 74' lang='lat' dir='ltr'><strong>(Prin.</strong></span> <span class='ocrx_word' id='word_1_365' title='bbox 390 3941 490 4003; x_wconf 72' lang='lat' dir='ltr'><strong>vuer.)</strong></span> <span class='ocrx_word' id='word_1_366' title='bbox 518 3939 604 4004; x_wconf 70' lang='lat' dir='ltr'><strong>sassa,</strong></span> <span class='ocrx_word' id='word_1_367' title='bbox 621 3936 650 4001; x_wconf 78' lang='grc' dir='ltr'><strong>β.</strong></span> <span class='ocrx_word' id='word_1_368' title='bbox 674 3980 705 3990; x_wconf 83' lang='grc'><strong>-</strong></span> <span class='ocrx_word' id='word_1_369' title='bbox 732 3950 849 4004; x_wconf 69' lang='lat' dir='ltr'><strong>enam,</strong></span> <span class='ocrx_word' id='word_1_370' title='bbox 869 3934 990 3991; x_wconf 67' lang='lat' dir='ltr'><strong>evase</strong></span> <span class='ocrx_word' id='word_1_371' title='bbox 1011 3939 1091 4003; x_wconf 81' lang='lat' dir='ltr'><strong>(Ptin.</strong></span> <span class='ocrx_word' id='word_1_372' title='bbox 1108 3940 1208 4005; x_wconf 75' lang='lat' dir='ltr'><strong>vuer.)</strong></span> <span class='ocrx_word' id='word_1_373' title='bbox 1238 3951 1271 3995; x_wconf 74' lang='grc' dir='ltr'><strong>ω..</strong></span> 
     </span>
     <span class='ocr_line' id='line_1_41' title="bbox 150 4012 259 4066; baseline 0.009 -13"><span class='ocrx_word' id='word_1_374' title='bbox 150 4012 219 4066; x_wconf 78' lang='lat' dir='ltr'><strong>stum,</strong></span> <span class='ocrx_word' id='word_1_375' title='bbox 253 4041 259 4054; x_wconf 91' lang='lat'>.</span> 
     </span>
    </p>

    <p class='ocr_par' dir='ltr' id='par_1_9' title="bbox 152 4067 1271 4345">
     <span class='ocr_line' id='line_1_42' title="bbox 186 4067 1271 4141; baseline 0.004 -18"><span class='ocrx_word' id='word_1_376' title='bbox 186 4075 200 4136; x_wconf 70' lang='grc'><strong>5</strong></span> <span class='ocrx_word' id='word_1_377' title='bbox 216 4079 270 4123; x_wconf 84' lang='grc'><strong>110.</strong></span> <span class='ocrx_word' id='word_1_378' title='bbox 288 4090 305 4121; x_wconf 83' lang='lat' dir='ltr'><strong>a</strong></span> <span class='ocrx_word' id='word_1_379' title='bbox 320 4073 428 4134; x_wconf 70' lang='lat' dir='ltr'><strong>Graecas,</strong></span> <span class='ocrx_word' id='word_1_380' title='bbox 444 4067 530 4125; x_wconf 77' lang='lat' dir='ltr'>OVT.</span> <span class='ocrx_word' id='word_1_381' title='bbox 552 4075 660 4136; x_wconf 64' lang='lat' dir='ltr'><strong>Graeca,</strong></span> <span class='ocrx_word' id='word_1_382' title='bbox 673 4077 709 4125; x_wconf 90' lang='lat' dir='ltr'><strong>ad</strong></span> <span class='ocrx_word' id='word_1_383' title='bbox 722 4073 807 4138; x_wconf 90' lang='lat' dir='ltr'><strong>(codd.</strong></span> <span class='ocrx_word' id='word_1_384' title='bbox 817 4073 887 4136; x_wconf 79' lang='lat' dir='ltr'><strong>(iel.)</strong></span> <span class='ocrx_word' id='word_1_385' title='bbox 899 4071 948 4139; x_wconf 78' lang='grc' dir='ltr'><strong>βγ.</strong></span> <span class='ocrx_word' id='word_1_386' title='bbox 963 4118 993 4126; x_wconf 86' lang='grc'>-</span> <span class='ocrx_word' id='word_1_387' title='bbox 1013 4076 1271 4141; x_wconf 79' lang='lat' dir='ltr'><strong>vinculo..calct&#39;atua,</strong></span> 
     </span>
     <span class='ocr_line' id='line_1_43' title="bbox 152 4141 1270 4210; baseline 0.006 -22"><span class='ocrx_word' id='word_1_388' title='bbox 152 4154 203 4190; x_wconf 88' lang='lat' dir='ltr'><strong>om.</strong></span> <span class='ocrx_word' id='word_1_389' title='bbox 216 4157 238 4190; x_wconf 77' lang='lat' dir='ltr'><strong>a</strong></span> <span class='ocrx_word' id='word_1_390' title='bbox 257 4141 375 4193; x_wconf 81' lang='lat' dir='ltr'><strong>Ceteram</strong></span> <span class='ocrx_word' id='word_1_391' title='bbox 387 4157 410 4193; x_wconf 83' lang='lat' dir='ltr'><strong>v.</strong></span> <span class='ocrx_word' id='word_1_392' title='bbox 423 4142 541 4192; x_wconf 87' lang='lat' dir='ltr'><strong>Dioscor.</strong></span> <span class='ocrx_word' id='word_1_393' title='bbox 556 4148 578 4202; x_wconf 86' lang='lat' dir='ltr'><strong>l,</strong></span> <span class='ocrx_word' id='word_1_394' title='bbox 593 4147 649 4193; x_wconf 80' lang='lat' dir='ltr'><strong>les.</strong></span> <span class='ocrx_word' id='word_1_395' title='bbox 669 4182 699 4191; x_wconf 89' lang='lat'><strong>..</strong></span> <span class='ocrx_word' id='word_1_396' title='bbox 719 4141 843 4204; x_wconf 81' lang='lat' dir='ltr'><strong>calciatus,</strong></span> <span class='ocrx_word' id='word_1_397' title='bbox 857 4144 912 4193; x_wconf 89' lang='lat' dir='ltr'><strong>Vd.</strong></span> <span class='ocrx_word' id='word_1_398' title='bbox 936 4142 1060 4207; x_wconf 82' lang='lat' dir='ltr'><strong>calceatus,</strong></span> <span class='ocrx_word' id='word_1_399' title='bbox 1073 4141 1123 4210; x_wconf 73' lang='grc' dir='ltr'><strong>βγ,</strong></span> <span class='ocrx_word' id='word_1_400' title='bbox 1142 4186 1173 4195; x_wconf 91' lang='grc'><strong>..</strong></span> <span class='ocrx_word' id='word_1_401' title='bbox 1191 4147 1270 4208; x_wconf 82' lang='lat' dir='ltr'><strong>etiam,</strong></span> 
     </span>
     <span class='ocr_line' id='line_1_44' title="bbox 152 4207 1270 4278; baseline 0.004 -18"><span class='ocrx_word' id='word_1_402' title='bbox 152 4209 207 4260; x_wconf 89' lang='lat' dir='ltr'><strong>Vd.</strong></span> <span class='ocrx_word' id='word_1_403' title='bbox 226 4207 270 4269; x_wconf 71' lang='lat' dir='ltr'><strong>aa,</strong></span> <span class='ocrx_word' id='word_1_404' title='bbox 282 4223 305 4258; x_wconf 88' lang='lat' dir='ltr'><strong>a.</strong></span> <span class='ocrx_word' id='word_1_405' title='bbox 326 4250 356 4263; x_wconf 77' lang='grc'><strong>.,</strong></span> <span class='ocrx_word' id='word_1_406' title='bbox 376 4216 460 4269; x_wconf 69' lang='lat' dir='ltr'><strong>tracta</strong></span> <span class='ocrx_word' id='word_1_407' title='bbox 473 4212 497 4261; x_wconf 88' lang='lat' dir='ltr'><strong>d.</strong></span> <span class='ocrx_word' id='word_1_408' title='bbox 516 4249 547 4259; x_wconf 88' lang='lat'><strong>..</strong></span> <span class='ocrx_word' id='word_1_409' title='bbox 570 4208 651 4270; x_wconf 72' lang='lat' dir='ltr'><strong>aula,</strong></span> <span class='ocrx_word' id='word_1_410' title='bbox 663 4211 766 4260; x_wconf 80' lang='lat' dir='ltr'><strong>VTad.</strong></span> <span class='ocrx_word' id='word_1_411' title='bbox 788 4209 863 4261; x_wconf 78' lang='lat' dir='ltr'><strong>oculis</strong></span> <span class='ocrx_word' id='word_1_412' title='bbox 874 4227 935 4273; x_wconf 81' lang='lat' dir='ltr'><strong>moa,</strong></span> <span class='ocrx_word' id='word_1_413' title='bbox 946 4207 998 4278; x_wconf 78' lang='grc' dir='ltr'><strong>βγ.</strong></span> <span class='ocrx_word' id='word_1_414' title='bbox 1017 4256 1047 4264; x_wconf 83' lang='lat'>-</span> <span class='ocrx_word' id='word_1_415' title='bbox 1067 4211 1175 4274; x_wconf 79' lang='lat' dir='ltr'><strong>inditum,</strong></span> <span class='ocrx_word' id='word_1_416' title='bbox 1187 4216 1220 4264; x_wconf 88' lang='grc' dir='ltr'><strong>Κ.</strong></span> <span class='ocrx_word' id='word_1_417' title='bbox 1239 4255 1270 4264; x_wconf 86' lang='grc'><strong>..</strong></span> 
     </span>
     <span class='ocr_line' id='line_1_45' title="bbox 152 4269 1271 4345; baseline 0.008 -22"><span class='ocrx_word' id='word_1_418' title='bbox 152 4275 296 4340; x_wconf 64' lang='lat' dir='ltr'><strong>cordapsos,</strong></span> <span class='ocrx_word' id='word_1_419' title='bbox 309 4277 341 4326; x_wconf 90' lang='lat' dir='ltr'><strong>V.</strong></span> <span class='ocrx_word' id='word_1_420' title='bbox 355 4317 386 4327; x_wconf 91' lang='lat'><strong>..</strong></span> <span class='ocrx_word' id='word_1_421' title='bbox 402 4292 525 4340; x_wconf 72' lang='lat' dir='ltr'><strong>pessuma,</strong></span> <span class='ocrx_word' id='word_1_422' title='bbox 542 4269 670 4328; x_wconf 70' lang='lat' dir='ltr'><strong>evaso.</strong></span> <span class='ocrx_word' id='word_1_423' title='bbox 686 4293 822 4342; x_wconf 79' lang='lat' dir='ltr'><strong>passuram,</strong></span> <span class='ocrx_word' id='word_1_424' title='bbox 832 4274 862 4340; x_wconf 81' lang='grc' dir='ltr'><strong>β.</strong></span> <span class='ocrx_word' id='word_1_425' title='bbox 875 4319 906 4330; x_wconf 93' lang='grc'><strong>..</strong></span> <span class='ocrx_word' id='word_1_426' title='bbox 924 4279 1012 4344; x_wconf 68' lang='lat' dir='ltr'><strong>adem,</strong></span> <span class='ocrx_word' id='word_1_427' title='bbox 1027 4274 1114 4333; x_wconf 72' lang='lat' dir='ltr'>OVT.</span> <span class='ocrx_word' id='word_1_428' title='bbox 1132 4296 1167 4343; x_wconf 80' lang='lat' dir='ltr'><strong>so,</strong></span> <span class='ocrx_word' id='word_1_429' title='bbox 1179 4278 1271 4345; x_wconf 71' lang='lat' dir='ltr'><strong>adssr.</strong></span> 
     </span>
    </p>
   </div>
   <div class='ocr_carea' id='block_1_5' title="bbox 0 0 1474 4800">
    <p class='ocr_par' dir='ltr' id='par_1_10' title="bbox 0 0 1474 4800">
     <span class='ocr_line' id='line_1_46' title="bbox 0 0 1474 4800; baseline 0 0"><span class='ocrx_word' id='word_1_430' title='bbox 0 0 1474 4800; x_wconf 95' lang='lat' dir='ltr'><strong> </strong></span> 
     </span>
    </p>
   </div>
  </div>
 </body>
</html>
