2918 4800
199 293 259 355 toa
548 308 751 354 unrunsms
774 307 970 354 flrsronmn

197 484 285 548 gum.
322 460 371 524 M.
396 457 554 524 Servilius
576 457 742 554 Nonianus
763 459 912 544 princeps
942 457 1081 523 civitatis
1103 481 1168 522 non
1190 458 1322 555 pridem
1333 476 1365 522 aa

197 563 231 626 in
252 572 340 625 metu
360 559 577 646 lippitudinis,
600 560 788 644 priusquam
809 550 881 646 ipse
903 582 972 623 eam
994 558 1172 623 nominaret
1193 559 1316 623 aliusve

180 664 226 727 «ei
248 662 460 748 praediceret,
490 659 616 725 duabus
644 660 758 725 litteris
781 657 1003 725 GraecisPA
1032 660 1174 724 chartam
1201 659 1316 724 inscri-

197 774 285 850 ptam
312 762 565 850 circumligatam
591 762 656 826 lino
693 761 903 826 subnectebat
933 761 1030 840 collo,
1062 760 1236 827 Mucianus
1269 772 1319 826 ter

198 865 310 931 consul
333 865 443 930 eadem
463 862 686 929 observatione
707 863 870 929 viventem
883 885 1027 928 muscam
1040 863 1075 926 in
1088 864 1218 928 linteolo
1233 861 1318 941 albo,

173 966 247 1032 ‚his
270 965 421 1031 remediis
443 987 552 1030 carere
572 965 660 1050 ipsos
681 964 874 1050 lippitudine
901 965 1130 1050 praedicantes.
1166 962 1319 1030 Carmina

197 1068 326 1152 quidem
348 1076 476 1131 exstant
499 1075 608 1130 contra
629 1065 802 1153 grandines
817 1075 988 1149 contraque
1003 1067 1186 1132 morborum
1201 1089 1320 1155 genera

198 1181 371 1253 contraque
393 1165 557 1243 ambusta,
585 1166 743 1249 quaedam
766 1167 861 1231 etiam
883 1177 1031 1253 experta3
1066 1168 1122 1232 sed
1151 1168 1319 1252 prodendo

197 1269 305 1335 obstat
324 1270 439 1356 ingens
462 1268 653 1333 verecundia
674 1268 709 1332 in
731 1280 820 1332 tanta
841 1269 1019 1334 animorum
1042 1270 1213 1348 varietate,
1237 1292 1318 1353 qua·
1360 1311 1366 1320 ·

198 1380 330 1457 propter
352 1370 392 1435 de
414 1369 455 1434 iis
476 1381 513 1434 ut
535 1371 651 1454 cuique
672 1370 800 1435 libitum
822 1370 920 1435 fuerit
941 1370 1099 1455 opinetur.

240 1471 303 1535 ΙΠ.
333 1473 362 1536 6.
393 1470 570 1537 Hominum
603 1471 814 1538 monstrificas
846 1482 979 1538 naturas
1013 1484 1045 1537 et
1072 1472 1231 1539 veneficos
1259 1474 1318 1539 ad·
1332 1491 1366 1536 ao

200 1585 329 1659 spectus
357 1572 498 1639 diximus
524 1572 558 1636 in
585 1573 741 1660 portentis
769 1573 913 1660 gentium
942 1585 975 1639 et
995 1574 1112 1639 multas
1134 1575 1318 1640 animalium

199 1674 421 1760 proprietates,
445 1698 528 1760 quae
550 1675 655 1760 repeti
677 1697 913 1760 supervacuum
935 1686 993 1740 est.
1028 1674 1240 1756 Quorundam
1261 1674 1319 1740 ho·

199 1775 321 1841 minum
343 1786 407 1842 tota
429 1799 564 1862 corpora
590 1789 737 1863 prosunt,
766 1788 802 1841 ut
829 1800 870 1842 ex
897 1777 948 1842 his
976 1777 1107 1842 familiis
1133 1799 1217 1861 quae
1245 1786 1320 1840 sunt
1367 1766 1371 1778 ’

200 1879 311 1944 terrori
339 1878 540 1964 serpentibus
567 1890 654 1944 tactu
675 1878 746 1964 ipso
768 1879 876 1944 levant
897 1901 1066 1963 percussos
1093 1890 1228 1944 suctuve
1249 1899 1319 1942 mo-

115 2009 118 2012 >
199 1980 287 2059 dico,
321 2002 457 2064 quorum
485 2003 643 2067 egenere
672 1991 747 2045 sunt
767 1980 871 2065 Psylli
893 1980 1060 2065 Marsique
1083 1981 1190 2065 etqui
1213 1977 1318 2066 Ophi-

198 2102 320 2167 ogenes
348 2092 503 2147 vocantur
528 2082 563 2146 in
589 2082 696 2147 insula
724 2079 850 2166 Cypro,
886 2105 925 2146 ex
949 2105 1022 2167 >qua
1047 2082 1168 2146 familia
1192 2083 1320 2170 legatus

198 2182 336 2270 Evagon
357 2183 484 2248 nomine
513 2207 532 2248 a
559 2183 743 2249 consulibus
764 2182 886 2248 Romae
913 2184 948 2248 in
976 2183 1096 2248 dolium
1123 2184 1320 2268 serpentium

200 2285 363 2350 coniectus
385 2286 594 2372 experimenti
616 2309 713 2351 causa
735 2285 1073 2351 circummulcentibus
1086 2286 1207 2372 linguis
1221 2285 1320 2351 mira·

199 2386 306 2451 culum
332 2387 490 2472 praebuit.
527 2384 665 2473 Signum
694 2386 763 2451 eius
792 2387 932 2452 familiae
963 2398 1027 2464 cst,
1050 2387 1193 2452 simodo
1216 2387 1365 2452 adhuccr

199 2487 308 2564 durat,
337 2487 444 2552 vernis
467 2488 664 2574 temporibus
686 2488 792 2553 odoris
821 2488 910 2553 virus
917 2513 926 2565 3
963 2498 1059 2574 atque
1087 2511 1197 2553 eorum
1224 2487 1321 2554 sudor

199 2608 324 2670 quoque
352 2587 556 2668 medebatur,
585 2612 651 2654 non
679 2589 774 2654 modo
803 2589 912 2654 saliva.
949 2589 1034 2654 Nam
1060 2590 1094 2653 in
1121 2590 1226 2654 insula
1252 2588 1320 2654 Nili

199 2688 334 2772 Tentyri
366 2702 536 2756 nascentes
568 2702 657 2756 tanto
690 2702 764 2755 sunt
801 2691 966 2757 crocodilis
999 2692 1113 2757 terrori
1145 2703 1182 2757 ut
1208 2712 1321 2756 vocem

198 2812 326 2874 quoque
348 2813 458 2856 eorum
480 2793 615 2881 fugiant
643 2792 770 2858 Horum
792 2793 934 2858 omniurn
956 2817 1111 2880 generum
1132 2794 1166 2857 in
1189 2817 1247 2859 sua
1267 2815 1320 2859 re·

234 2998 303 3059 129.
321 2999 471 3063 Nonniacus,
488 2997 546 3054 OV.
566 3045 597 3052 -
616 3020 670 3065 non,
682 3007 706 3055 d.
725 3021 786 3066 etam,
799 3005 861 3054 VR.
881 3045 911 3052 ..
930 3003 987 3064 PA,
998 3005 1084 3055 VRd.
1103 3002 1161 3054 Pet
1171 3000 1204 3062 A,
1216 2998 1238 3063 β
1243 3015 1268 3067 γ.
1289 3041 1320 3050 .-

199 3075 299 3129 cartam,
311 3070 344 3119 V.
363 3112 394 3120 ..
418 3070 556 3134 Mucianus,
572 3065 681 3122 OVRd.
708 3071 842 3130 Matienus,
858 3067 887 3133 β.
906 3114 937 3121 ..
961 3070 1117 3135 attavus
1144 3070 1181 3132 ob,
1197 3071 1264 3121 lud.
1289 3109 1319 3118 .-

199 3133 328 3196 1111,111(1.
356 3136 481 3200 iteum.
501 3181 532 3189 ..
555 3155 581 3187 se
592 3138 663 3203 ipsos,
675 3143 708 3191 Κ.
729 3181 760 3189 ..
784 3138 982 3203 quidmvnd.
1009 3133 1198 3204 quaedamssr.
1217 3179 1249 3187 ..
1267 3152 1321 3186 car·

199 3200 272 3266 dines,
285 3206 339 3255 Vd.
358 3248 388 3256 ..
408 3215 514 3270 experta,
534 3210 606 3257 codd.
618 3208 675 3258 Gel.
698 3224 727 3256 ex
737 3215 814 3271 parte,
827 3209 911 3260 vud.
930 3249 961 3257 -
981 3207 1121 3270 animorum,
1132 3206 1246 3257 VRTd.
1268 3203 1332 3257 ani.

199 3287 299 3334 morum,
311 3268 340 3333 β.
359 3315 389 3324 ,.
409 3272 438 3323 de
450 3274 487 3336 tis,
500 3278 532 3327 R.
553 3273 618 3336 deus,
630 3277 663 3326 V.
682 3273 711 3324 de
722 3274 766 3338 tn,
780 3271 851 3341 ᾱβγ.
870 3317 901 3327 ..
921 3274 1004 3339 cuique
1016 3275 1113 3337 libitum,
1126 3275 1207 3325 VRd.
1231 3270 1322 3321 libitum

200 3339 289 3403 cuique,
301 3337 350 3405 βγ.
371 3341 470 3404 libitum,
481 3344 514 3393 K.
534 3385 563 3393 ..
576 3344 657 3406 faerit
668 3343 765 3408 qut'sqne
777 3343 891 3408 opinetur,
903 3345 935 3394 K.

234 3407 301 3468 §30.
326 3409 445 3472 empireo,
457 3412 488 3460 R.
516 3411 634 3476 venificos,
647 3413 680 3462 V.
703 3412 816 3476 verificae,
831 3414 854 3461 d.
874 3454 903 3461 -
928 3411 1031 3460 dirimas
1048 3416 1178 3470 7,13.14.
1198 3450 1229 3458 ..
1248 3416 1321 3468 ntea,

199 3477 249 3526 3².
271 3492 313 3534 en,
331 3478 429 3528 VR¹d.
448 3519 480 3527 ..
504 3478 669 3540 modieo‚R².
694 3478 857 3540 tumodo,R¹.
881 3479 982 3540 tumido,
998 3474 1199 3541 OVTu(eodd.
1213 3477 1321 3528 Salmas.

200 3559 282 3593 exerc.
294 3560 318 3607 p.
332 3551 390 3597 216,
402 3547 426 3595 b.
439 3544 484 3608 B.)
510 3545 612 3608 humido,
625 3549 732 3599 Salmas.
758 3546 847 3596 medico
862 3548 904 3596 rel
922 3546 1028 3608 tumidos,
1044 3547 1133 3598 Dalec.
1152 3587 1183 3595 -
1207 3542 1321 3610 syrten.

201 3651 232 3660 ...
259 3610 408 3675 Ophiopenia
426 3615 479 3664 Rd.
506 3615 560 3678 opio
575 3613 669 3679 plenas,
686 3617 720 3666 V.
738 3657 770 3665 ..
797 3613 882 3679 Cypro,
900 3617 949 3666 3².
977 3616 1053 3677 Poro,
1074 3608 1217 3665 0VR¹Td
1234 3610 1321 3675 (codd-

190 3681 312 3741 'Turnebi
324 3682 379 3729 adv.
390 3688 430 3741 22,
442 3680 495 3745 ll.)
513 3681 538 3730 in
546 3681 697 3746 Hellesponti
705 3682 789 3744 Pario,
798 3684 864 3734 Pint.
882 3683 951 3733 Poro
962 3685 999 3734 ita
1010 3693 1107 3733 tantum
1121 3682 1221 3746 probari
1230 3689 1322 3744 potest,

200 3755 229 3796 ut
240 3748 353 3797 Plinium
370 3750 409 3798 sui
426 3751 505 3814 ipsius
517 3752 691 3800 immemorem
703 3748 740 3812 (7,
755 3748 808 3813 1³.)
824 3760 850 3801 et
865 3761 952 3802 contra
964 3754 1078 3801 omnium
1091 3753 1241 3814 scriptorum
1252 3748 1322 3798 testi·

201 3815 315 3864 monium
333 3812 369 3877 (v.
381 3818 492 3883 interpp.
504 3822 535 3868 ad
547 3819 648 3869 Aelian.
660 3819 720 3868 hist.
733 3820 810 3869 anim.
824 3826 863 3880 12,
876 3818 931 3884 89.)
948 3820 1057 3870 insulam
1073 3821 1168 3870 Parum
1185 3832 1243 3867 cum
1259 3817 1323 3864 urbe

201 3883 277 3932 Pario
295 3883 440 3936 confudisse
457 3887 578 3937 dicamus.
596 3927 627 3937 ..
652 3902 705 3949 quo,
717 3888 772 3937 Vd.
792 3929 823 3937 ..
845 3886 1073 3952 anpon,VRTd
1090 3880 1322 3949 (undumeni).

201 3948 307 4014 Evepon,
324 3945 382 4002 θΚ.
408 3953 519 4017 Epopon,
534 3950 563 4015 β.
583 3995 613 4003 ..
636 3952 661 4002 in
677 3953 773 4017 dottam,
790 3957 843 4006 Rd.
870 3954 993 4016 nidulium,
1005 3958 1039 4007 V.
1058 3998 1090 4006 -
1112 3954 1236 4015 coniectus,
1251 3951 1322 4000 R²d.

201 4025 324 4082 contectus,
336 4021 413 4071 VR'.
433 4062 463 4070 ..
483 4021 641 4085 experimenti,
653 4023 709 4073 Vd.
728 4023 949 4087 asperimonte.
972 4022 1145 4088 experimentis,
1156 4024 1207 4073 3².
1231 4019 1322 4084 svperi-

201 4094 309 4146 mentnm‚
321 4104 341 4138 r.
357 4114 389 4138 »..
409 4082 692 4151 dreummaleentibuoslt
699 4093 716 4141 ².
737 4090 943 4154 circummultibas,
955 4093 1030 4143 VR¹.
1048 4089 1223 4151 circummnltio,
1236 4090 1260 4138 d.

236 4221 663 4300 §31.rnodo,VR²d.m,R¹.-
683 4226 714 4288 in,
728 4228 822 4278 omR.
841 4269 872 4278 ..
896 4178 1125 4290 Tentiiji'exlerstb
1149 4225 1207 4275 tenti
1215 4177 1323 4287 bilimer,

202 4289 235 4338 V.
264 4288 446 4354 Tentpncentes,
463 4292 515 4341 Td.
546 4292 646 4358 Tentyri
659 4302 775 4357 natantes,
791 4297 824 4346 K.
856 4295 993 4360 Tentyritae
1008 4312 1073 4361 pens,
1089 4295 1157 4345 Pint.
1177 4337 1207 4344 -
1230 4294 1324 4345 Horum
