2918 4800
394 308 461 353 nm.
480 282 566 353 xiix.
598 306 676 352 cnr.
692 307 739 353 1v.
757 307 790 350 ν.
820 305 917 352 sucu.
937 306 1017 349 ton.
1208 289 1269 353 389

149 460 350 537 silvestrium,
362 514 401 523 -
415 459 519 546 figura
535 459 681 524 nidorum
697 481 750 523 eas
763 455 982 543 deprehendit,
995 511 1033 518 -
1047 456 1146 542 multo
1165 466 1270 520 tamen

147 561 357 628 efficacissimi
385 561 575 646 ripariarum
603 560 698 647 pulli;
732 560 779 623 ita
807 570 921 624 vocant
948 558 981 621 in
1010 558 1152 644 riparum
1181 558 1268 623 cavis

146 663 350 729 nidificantis.
386 662 481 727 Multi
504 662 733 744 cuiuscumque
759 660 938 726 hirundinis
966 659 1088 745 pullum
1111 659 1270 724 edendum

148 776 280 831 censent
302 774 337 827 ut
360 774 426 828 toto
449 785 533 827 anno
556 786 618 826 non
641 771 801 827 metuatur
823 761 856 825 id
879 762 1007 826 malum.
1046 758 1270 849 strangulatos
1284 781 1315 825 aa

148 889 221 931 oum
244 865 400 951 sanguine
423 864 602 930 conburunt
629 864 661 926 in
691 886 766 928 vase
793 873 824 928 et
851 862 988 927 cinerem
1015 884 1087 925 cum
1109 884 1193 945 pane
1215 872 1270 926 aut

147 978 225 1054 potu
247 967 340 1040 dant;
364 964 494 1048 quidam
517 977 550 1030 et
571 965 726 1030 mustelae
740 965 863 1029 cineres
878 964 948 1050 pari
963 963 1057 1028 modo
1073 962 1268 1036 admiscent;

148 1070 194 1134 sic
216 1077 248 1131 et
270 1067 312 1130 ad
334 1076 474 1131 strumae
497 1067 637 1131 remedia
659 1067 737 1130 dant
759 1076 790 1130 et
812 1065 1025 1131 comitialibus
1040 1064 1158 1130 cotidie
1179 1075 1266 1151 potu.

146 1169 186 1233 In
209 1169 274 1233 sale
296 1189 424 1252 quoque
447 1179 592 1232 servatae
613 1167 801 1232 hirundines
819 1166 861 1231 ad
875 1167 1027 1253 anginam
1042 1165 1193 1231 drachma
1206 1189 1271 1231 una

146 1270 316 1348 bibuntur,
349 1269 399 1333 cui
429 1269 512 1333 malo
540 1280 570 1333 et
598 1268 694 1333 nidus
722 1291 831 1333 earum
861 1267 980 1332 mederi
1014 1268 1131 1332 dicitur
1163 1280 1269 1355 potus.

146 1372 356 1457 Millepedam
377 1370 468 1434 inlini
489 1370 617 1456 anginis
641 1369 894 1435 efficacissimum
915 1381 1039 1456 putant,
1062 1370 1114 1433 alii
1130 1393 1165 1434 x1
1183 1371 1270 1436 tritas
1284 1389 1315 1432 35

146 1473 179 1536 in
202 1495 304 1557 aquae
326 1472 448 1537 mulsae
469 1473 596 1536 hemina
613 1495 671 1558 per
686 1471 897 1536 harundinem
913 1473 993 1549 dari,
1017 1471 1167 1555 quoniam
1190 1472 1269 1538 den-

146 1574 233 1639 tibus
255 1573 348 1638 tactis
369 1573 448 1637 nihil
470 1573 603 1659 prosint.
627 1572 772 1638 Tradunt
796 1583 829 1637 et
849 1596 973 1637 murem
995 1595 1067 1636 oum
1092 1573 1271 1639 verbenaca

145 1687 327 1754 excoctum,
357 1677 384 1740 si
412 1674 542 1740 bibatur
570 1675 598 1738 is
625 1674 747 1757 liquor,
776 1673 918 1738 remedio
948 1695 1018 1737 esse
1047 1687 1078 1739 et
1101 1676 1270 1760 corrigiam

145 1778 293 1843 caninam
316 1788 364 1842 ter
387 1778 466 1842 collo
495 1775 732 1853 circumdatam,
761 1775 870 1839 limum
898 1774 1115 1839 columbinum
1143 1777 1217 1841 vino
1239 1789 1270 1842 et

145 1881 215 1946 oleo
237 1878 442 1965 permixtum.
467 1875 613 1943 Cervicis
627 1877 735 1942 nervis
750 1888 781 1940 et
796 1877 998 1962 opisthotono
1021 1900 1060 1942 cx
1083 1878 1171 1943 milvi
1194 1879 1269 1944 nido

146 1982 294 2046 surculus
317 1981 422 2046 viticis
444 1980 637 2067 adalligatus
659 1979 808 2043 auxiliari
831 1978 963 2057 dicitur,
995 1979 1036 2043 V.
1060 1981 1189 2046 strumis
1212 2005 1268 2045 ex·
1283 1997 1314 2040 eo

145 2083 300 2148 ulceratis
319 2082 475 2159 mustelae
499 2081 642 2169 sanguis,
664 2081 737 2167 ipsa
759 2081 889 2146 decocta
910 2083 943 2144 in
966 2082 1041 2146 vino
1048 2108 1057 2159 3
1081 2105 1145 2147 non
1162 2093 1269 2149 tamen

146 2183 241 2249 sectis
263 2184 461 2250 admovetur.
498 2183 604 2248 Aiunt
626 2194 657 2248 et
679 2183 712 2246 in
735 2182 805 2248 cibo
836 2194 997 2269 sumptam
1024 2184 1110 2248 idem
1132 2185 1267 2264 efficere,

145 2286 198 2352 vel
219 2287 318 2352 cineri
341 2286 411 2352 eius
434 2285 603 2352 sarmentis
632 2283 807 2350 conbustae
830 2286 982 2349 miscetur
1009 2287 1162 2372 axungia.
1199 2286 1267 2352 La-

146 2399 253 2453 certus
278 2388 391 2454 viridis
418 2388 627 2476 adalligatur,
661 2397 734 2473 post
769 2387 837 2450 dies
864 2410 935 2450 xxx
969 2387 1066 2452 alium
1100 2387 1267 2477 adalligari

146 2501 286 2576 oportet3
321 2491 452 2575 quidam
481 2512 535 2555 eor
563 2490 632 2556 eius
656 2490 693 2553 in
723 2499 875 2578 argenteo
911 2491 1041 2556 vasculo
1069 2504 1198 2556 servant
1226 2494 1267 2557 ad

145 2592 338 2656 feminarum
354 2603 501 2658 strumas.
524 2591 570 2656 Et
584 2603 710 2658 veteres
732 2592 858 2657 cocleae
880 2614 953 2657 cum
976 2603 1059 2658 testa
1082 2617 1140 2658 sua
1155 2604 1267 2660 tunsae
1282 2606 1312 2651 3⁷

43 2768 46 2770 ,
146 2693 334 2773 inlinuntur,
357 2719 505 2760 maxume
521 2718 604 2780 quae
619 2694 764 2760 frutectis
779 2694 954 2760 adhaerent
960 2719 968 2771 3
993 2695 1069 2760 item
1084 2696 1164 2760 cinis
1180 2697 1267 2783 aspi-

144 2865 223 2930 pullis,
236 2871 259 2918 d.
279 2909 309 2918 ..
328 2869 407 2931 multo,
420 2874 443 2920 d.
468 2871 548 2932 multu,
561 2875 592 2922 It.
616 2869 689 2933 multi,
702 2872 734 2920 V.
752 2913 782 2921 -
801 2869 884 2932 Multi,
898 2873 964 2920 R'd.
988 2869 1082 2931 Multis,
1095 2873 1128 2920 V.
1148 2872 1178 2922 Si
1193 2872 1268 2933 multi,

146 2937 190 2986 3².
214 2935 276 2986 Sunt
287 2937 335 2999 qui,
347 2935 398 3002 βγ.
417 2979 447 2987 ..
467 2948 492 2986 ut
505 2947 550 2987 toto
562 2957 624 2987 amm
636 2956 682 2987 uon
693 2947 818 2999 metuatur,
831 2941 896 2988 R2r.
920 2946 946 2988 ut
958 2947 1004 2988 toto
1015 2940 1075 2988 artui
1085 2947 1210 3002 ructuatur,
1223 2943 1267 2991 R¹.

146 3010 173 3050 ut
185 3011 230 3051 toto
242 3019 304 3051 auno
315 3013 439 3064 metuatur,
451 3007 512 3056 VT.
539 3006 564 3055 in
580 3014 627 3055 toto
642 3023 705 3055 anno
716 3014 842 3067 metuatur,
855 3008 878 3055 d.
906 3023 934 3054 ue
946 3014 992 3055 toto
1004 3023 1067 3055 anuo
1078 3014 1202 3068 metuatur,
1214 3004 1265 3072 βγ.

146 3078 173 3117 ut
183 3086 228 3117 nou
241 3085 288 3133 pro
301 3087 329 3118 ue
342 3073 418 3122 etiarn
431 3074 472 3132 27,
487 3079 526 3122 15.
865 3073 867 3078 ’

180 3156 248 3217 §3⁴-
267 3154 363 3216 cineres,
376 3157 447 3206 R2d.
466 3157 573 3218 cinerem,
586 3157 660 3207 VR'.
679 3198 709 3205 ..
729 3155 806 3217 etad,
820 3158 844 3204 d.
866 3153 907 3216 ad,
920 3157 983 3206 VR.
1004 3197 1035 3205 -
1050 3165 1116 3221 potu,
1129 3160 1201 3209 aut.
1224 3179 1266 3222 po.

148 3222 245 3282 tutat
270 3230 347 3285 petra,
361 3224 394 3273 V.
414 3264 445 3272 ..
468 3224 652 3284 ursmaro.
679 3231 772 3271 servate
782 3238 886 3284 servare,
898 3224 931 3272 V.
951 3265 981 3272 -
1001 3223 1167 3290 adunarem,
1180 3228 1265 3278 VTd.

145 3288 181 3338 ad
188 3289 324 3354 erpuinum,
334 3294 366 3354 R,
378 3295 409 3342 ad
419 3291 491 3341 cuius
503 3293 642 3355 marginem
655 3290 676 3338 is
689 3291 713 3339 in
724 3307 772 3338 uua
785 3299 823 3341 est
833 3292 996 3354 adscriptum.
1007 3333 1037 3341 -
1051 3291 1165 3342 drachma
1178 3312 1232 3356 uua,
1242 3301 1265 3347 d.

146 3356 341 3419 drachmam.
369 3359 485 3421 dramma,
498 3360 531 3409 V.
558 3376 607 3408 una
623 3357 745 3420 drachma,
761 3354 812 3422 βγ.
830 3399 862 3408 -
887 3357 962 3422 nidos,
979 3360 1010 3409 Τ.
1030 3402 1060 3409 ..
1085 3359 1178 3424 dicitur,
1194 3364 1265 3415 R2u.

146 3424 232 3487 dicunt,
245 3428 348 3477 VR'T.
368 3470 399 3477 ..
415 3435 490 3490 potos,
502 3430 533 3479 Τ.

180 3513 252 3575 535.
279 3511 440 3577 Millipedam,
456 3514 505 3563 1³².
532 3509 683 3575 Milipedam,
701 3514 766 3563 lud.
792 3510 921 3576 Milt'peda,
938 3514 971 3563 V.
997 3511 1165 3577 multipedam,
1181 3515 1214 3563 K.
1235 3555 1266 3564 ..

146 3579 264 3641 aupuiuis,
281 3582 313 3631 R.
332 3623 363 3631 ..
387 3580 559 3644 efficacissime,
576 3581 622 3629 Ru
641 3621 672 3628 -
696 3578 742 3628 atii
757 3578 809 3640 XI,
828 3581 858 3630 R.
885 3578 954 3641 ulixi,
967 3581 999 3630 V.
1026 3579 1072 3630 atii
1087 3581 1154 3641 XX,
1172 3583 1195 3630 d.
1224 3581 1269 3631 atii

146 3646 228 3707 XXI,
240 3643 290 3712 βγ.
310 3690 340 3698 .,
363 3665 408 3712 per
424 3647 581 3697 harundinem
597 3646 757 3709 tartvltd.
784 3646 842 3696 dari
853 3664 899 3712 per
915 3647 1063 3711 arundiuem,
1076 3645 1126 3712 βγ.
1150 3691 1180 3699 ..
1205 3649 1267 3699 Tru·

146 3712 208 3774 dent,
221 3716 296 3765 VR'.
317 3757 345 3765 -
365 3715 498 3776 litaturis,
510 3718 562 3767 Rd.
586 3715 650 3764 hibat
662 3715 728 3774 turis,
740 3716 774 3765 V.
794 3758 824 3765 -
844 3724 873 3776 et,
886 3718 938 3767 Rd.
962 3732 998 3776 er,
1010 3717 1044 3767 V.
1065 3759 1095 3766 ..
1114 3724 1137 3765 et
1147 3716 1205 3779 oleo,
1218 3719 1266 3768 R2.

146 3779 312 3841 oleo‚VR¹d.
331 3825 361 3833 ..
381 3786 478 3845 er,R².
497 3784 626 3845 avum.
645 3825 675 3833 ..
695 3783 779 3847 vitieris,
792 3782 956 3848 VRTdtp.
975 3781 1078 3845 vitiass.

180 3864 248 3924 §aa
271 3868 402 3931 conquiris,
416 3871 500 3919 VRd.
520 3910 550 3918 -
573 3869 597 3918 iu
614 3867 672 3929 cibo,
685 3870 733 3918 Ra
760 3869 820 3932 cibo,
836 3863 1010 3934 OVR'Tdr.
1032 3913 1061 3920 -
1085 3869 1153 3931 idem,
1166 3872 1265 3924 VR2d.

146 3932 229 3992 idest,
246 3935 291 3984 R¹.
311 3976 341 3983 ..
365 3935 472 3996 cinerem,
491 3937 575 3987 VRd.
594 3978 624 3986 ..
649 3935 807 4001 adulliputur,
822 3939 875 3987 Rd.
902 3936 1052 4002 adallipatur
1068 3946 1165 4003 oportet,
1180 3940 1214 3991 V.
1234 3983 1265 3991 -

142 4009 198 4064 post
209 3999 259 4049 dies
270 4001 367 4063 XXX,
379 4004 412 4053 V.
434 4012 489 4068 post
500 4001 552 4052 dies
563 4004 630 4065 XX,
642 4006 695 4055 Td.
709 4006 767 4057 Om.
779 4007 812 4056 R.
830 4047 861 4056 -
880 4004 953 4054 alium
966 4004 1102 4071 adalliqure
1114 4016 1210 4070 oportet,
1223 4011 1265 4059 (1².

146 4067 219 4118 alium
235 4068 394 4136 adallipatum
410 4078 508 4135 oportet,
521 4073 588 4122 Vd¹.
615 4079 704 4136 oportet
720 4071 802 4134 alium,
815 4075 845 4125 R.
873 4073 1049 4137 oportetuh'um
1061 4073 1264 4141 adalliparhssy.

144 4136 201 4188 Nos
217 4136 352 4205 adclliparl
366 4155 399 4189 ex
414 4134 457 4203 βγ
474 4141 630 4190 retinuimus.
652 4181 679 4189 -
700 4148 817 4205 arpenta,
831 4142 854 4190 d.
878 4149 983 4206 arpenta,
996 4142 1072 4193 VR'.
1100 4151 1204 4209 arpenta,
1216 4145 1264 4195 R2.

147 4246 176 4254 ..
188 4207 306 4270 feminas,
319 4203 429 4258 BVRd.
449 4249 480 4256 ..
498 4215 597 4269 sauma,
610 4209 640 4258 R.

180 4294 195 4354 ξ
208 4297 247 4343 37.
266 4290 301 4342 Et
313 4301 408 4357 veteres,
419 4295 498 4344 VR2.
519 4293 620 4358 Veteres,
633 4289 744 4360 R¹dss7a
759 4333 788 4344 -
801 4294 911 4357 frutecti,
924 4297 999 4347 VR¹.
