2918 4800
200 289 262 352 270
553 303 756 349 un'runnnrs
778 302 973 349 Hrs'rorunu

198 456 355 532 incubitu,
379 454 543 520 difficilius
566 478 585 517 a
607 455 741 539 supinis.
763 452 822 519 Sol
835 475 962 537 quoque
977 452 1189 518 remediorum
1205 476 1320 518 maxu·
1335 453 1380 517 55

198 583 285 624 mum
307 558 347 623 ab
369 557 440 642 ipso
463 555 523 619 sibi
546 557 703 641 praestari
721 567 827 642 potest
849 556 930 620 sicut
945 555 1116 621 linteorum
1131 554 1319 641 strigilium-

199 683 262 745 que
290 656 490 724 vehementia
497 682 506 733 3
537 658 731 742 perfundere
760 670 859 741 caput
888 657 990 722 calida
1018 667 1091 720 ante
1121 656 1320 722 balinearum

198 759 436 845 vaporationem
470 769 502 822 et
534 769 646 843 postea
680 758 800 844 frigida
837 757 1081 823 saluberrimum
1113 757 1319 844 intellegitur,
1393 789 1403 797 ·

196 863 275 928 item
296 883 502 946 praesumere
526 872 557 925 et
578 861 658 925 cibis
680 872 712 925 et
724 861 927 946 interponere
941 859 1093 947 frigidam
1111 860 1319 944 eiusdemque

196 974 275 1049 potu
297 985 425 1027 somnos
445 963 635 1027 antecedere
656 973 688 1027 55
704 963 730 1026 si
744 961 843 1027 libeat
857 963 1101 1047 interrumpere.
1134 961 1319 1026 Notandum

168 1051 171 1057 .
196 1065 319 1128 nullum
346 1063 464 1128 anirnal
491 1063 579 1128 aliud
608 1064 729 1128 calidos
758 1074 854 1149 potue
882 1063 972 1147 sequi
998 1062 1135 1146 ideoque
1162 1086 1225 1128 non
1248 1086 1319 1128 esse

196 1165 362 1230 naturalis.
400 1162 495 1230 Mero
523 1176 595 1229 ante
624 1187 751 1229 somnos
778 1165 927 1230 conluere
956 1186 1012 1228 ora
1033 1175 1166 1250 propter
1186 1165 1317 1244 halitus,
1333 1183 1364 1227 55

196 1268 315 1356 frigida
336 1266 502 1331 matutinis
523 1266 628 1352 inpari
643 1288 775 1331 numero
790 1267 833 1330 ad
847 1267 1007 1331 cavendos
1022 1266 1166 1331 dentium
1180 1268 1316 1347 dolores,

196 1371 273 1435 item
294 1391 393 1453 posca
412 1369 521 1432 oculos
537 1378 647 1432 contra
662 1367 873 1453 lippitudines
895 1378 981 1432 certa
996 1369 1213 1454 experimenta
1227 1381 1316 1446 sunt3

196 1471 239 1536 V.
261 1471 347 1536 sicut
369 1469 466 1534 totius
488 1469 630 1554 corporis
659 1470 875 1535 valetudinem
900 1470 1005 1535 iuvari
1031 1471 1185 1536 varietate
1212 1472 1317 1537 victus

195 1573 408 1639 inobservata.
451 1570 667 1656 Hippocrates
697 1572 796 1636 tradit
828 1595 892 1636 non
924 1572 1150 1657 prandentium
1182 1572 1317 1638 celerius

187 1696 364 1740 senescere
379 1683 468 1751 exta,
492 1696 605 1737 verum
619 1674 653 1736 id
667 1674 817 1738 remediis
832 1674 955 1751 cecinit,
976 1697 1040 1738 nou
1054 1675 1173 1760 epulis3
1197 1675 1317 1761 quippe

195 1777 293 1841 multo
315 1774 484 1839 utilissima
507 1785 553 1838 est
576 1774 787 1859 temperantia
808 1775 842 1838 in
865 1775 956 1840 cibis.
990 1775 1031 1839 L.
1054 1774 1211 1841 Lucullus
1233 1776 1317 1841 hauc

195 1879 235 1942 de
264 1899 297 1941 se
325 1876 560 1962 praefecturam
587 1898 680 1941 servo
707 1876 841 1941 dederat
867 1877 1042 1960 ultimoque
1064 1876 1181 1962 probro
1203 1900 1316 1942 manus

195 1979 277 2044 cibis
304 1978 488 2064 triumphali
518 1979 589 2042 seui
614 1976 812 2042 deiciebatur
839 1978 892 2042 vel
918 1978 952 2042 in
977 1976 1135 2064 Capitolio
1163 1979 1315 2063 epulanti,

195 2081 347 2166 pudenda
368 2103 402 2144 re
426 2102 517 2144 servo
540 2101 598 2143 suo
621 2079 748 2144 facibus
769 2101 883 2165 parere
906 2101 1002 2162 quam
1024 2079 1096 2144 sibi.

237 2180 296 2246 VI.
329 2183 378 2246 15.
410 2178 639 2245 Sternumenta
664 2181 764 2267 pinna
790 2181 998 2266 gravedinem
1021 2179 1206 2258 emendant,
1234 2183 1361 2246 555157

192 2284 266 2367 quis
280 2283 385 2347 mulae
400 2305 502 2359 nares,
525 2293 562 2346 ut
577 2283 718 2360 tradunt,
741 2283 850 2366 osculo
873 2282 1021 2368 attingat,
1045 2293 1262 2346 sternumenta
1283 2295 1315 2348 et

195 2386 386 2470 singultum3
410 2384 451 2447 ad
472 2383 533 2449 hoc
547 2384 654 2449 Varro
677 2385 790 2449 suadet
811 2385 951 2470 palmam
972 2385 1093 2449 alterna
1114 2406 1210 2449 manu
1232 2386 1314 2450 scal·

193 2508 287 2571 pere,
318 2484 462 2570 plerique
491 2486 623 2551 anulum
649 2510 666 2552 e
695 2486 822 2551 sinistra
850 2486 883 2550 in
911 2485 1135 2573 longissimum
1163 2486 1314 2550 dexterae

227 2697 294 2757 §bb
313 2692 364 2753 Sol,
379 2688 487 2744 OVRd.
505 2693 604 2754 Solium,
616 2696 650 2745 K.
668 2693 758 2754 Solum,
769 2690 798 2755 β.
819 2735 849 2744 -
868 2695 944 2755 sicuti,
958 2695 991 2744 V.
1010 2735 1041 2743 ..
1060 2691 1230 2757 atripliumque,
1242 2692 1312 2742 Vd¹.

194 2801 224 2810 ..
243 2758 332 2820 calida,
344 2763 429 2811 VRd.
448 2778 513 2825 aqua
524 2761 615 2822 calida,
627 2763 658 2812 Τ.
672 2803 703 2811 -
717 2760 862 2823 balnearum,
873 2764 897 2811 d.
912 2803 943 2810 ..
956 2770 978 2810 55
989 2760 1046 2810 cibis
1057 2768 1086 2821 et,
1098 2762 1160 2812 VR.
1179 2767 1202 2808 55
1213 2760 1278 2821 cibis,
1288 2763 1312 2810 d.

192 2828 249 2876 erbis
261 2836 290 2889 et,
302 2823 353 2893 βγ.
379 2871 409 2878 -
432 2827 857 2891 555551515551,1ῘΒ(555151.(151.)
881 2827 950 2878 aliud
961 2827 1058 2891 animal,
1071 2824 1142 2893 dssy.
1162 2870 1192 2877 -
1208 2827 1313 2891 potuisse

192 2896 242 2959 qui,
254 2898 287 2946 V.
308 2939 337 2946 -
358 2913 411 2957 non,
424 2898 476 2947 Rd.
494 2897 552 2957 nori,
564 2898 598 2947 V.

163 2997 165 3003 '
226 3001 240 3062 ᾗ
255 3004 294 3047 56.
313 2997 410 3060 coluere,
423 3001 475 3049 V2.
493 2998 587 3060 coleere,
600 2999 646 3049 V'.
661 3039 692 3047 ..
704 2997 800 3061 balitus,
812 2997 912 3064 Rdop.
931 2999 1015 3059 abitur,
1028 3001 1061 3048 V.
1081 2996 1310 3063 5555155555..

183 3064 400 3130 Ῑή91555555,5.
420 3109 451 3117 ..
469 3066 592 3126 55515515.
612 3109 642 3116 -
662 3065 811 3130 lepetudines,
823 3069 854 3117 R.
880 3107 909 3115 -
933 3065 1198 3127 valetudinennalec.
1222 3064 1312 3114 valetu-

191 3131 253 3197 dine,
267 3126 325 3184 OV.
339 3134 471 3192 ualitudini,
480 3137 512 3185 R.
526 3133 664 3195 ualetudini,
677 3130 748 3200 (Ιβγ.
760 3175 789 3183 -
803 3134 884 3183 iuuari
893 3135 1008 3183 5555555555
1019 3133 1093 3183 victus
1104 3135 1261 3192 inobservata,
1275 3136 1312 3184 ita

191 3220 238 3254 nos
248 3203 392 3267 scripsimus
402 3205 481 3253 secuti
490 3205 583 3266 partim
592 3203 791 3266 Dalecarnpium.
805 3202 828 3250 in
841 3201 979 3250 varietatem
991 3202 1065 3250 555555
1076 3201 1234 3261 inobservata,
1243 3202 1277 3250 V.
1287 3201 1311 3250 in

192 3273 307 3320 uarietate
323 3271 397 3320 victua
413 3271 571 3329 inobservata,
584 3273 689 3334 RTdy.
712 3270 827 3318 varietate
842 3270 917 3318 victur
933 3269 1093 3330 inobservata,
1108 3263 1137 3317 θ.
1155 3269 1180 3317 in
1196 3270 1312 3318 varietate

192 3339 267 3388 victur
279 3339 412 3398 obseruata,
419 3334 449 3401 β.
462 3337 617 3387 ualetudinem
630 3337 711 3387 iuvari
721 3337 812 3385 ratione
824 3337 898 3386 uictus
909 3338 1040 3398 obseruata,
1050 3338 1146 3398 Dalec,
1157 3338 1200 3400 qui
1211 3339 1312 3400 egregie

193 3409 336 3457 emendavit
353 3405 509 3455 valetudinem
527 3405 614 3467 iuvari,
630 3408 698 3470 quod
716 3407 742 3454 in
758 3406 914 3469 optimorum
930 3408 1003 3455 codd.
1021 3407 1144 3468 scriptura
1159 3405 1225 3453 clare
1237 3406 1311 3466 inest,

192 3477 279 3539 lapsus
297 3477 323 3522 in
340 3489 404 3523 voce
416 3475 514 3535 ratione,
531 3476 568 3523 uti
580 3483 650 3538 patet
662 3488 695 3522 cx
707 3473 783 3524 Celso
796 3477 827 3523 de
839 3474 929 3523 medic.
942 3473 976 3521 ΙΙ.
992 3480 1014 3523 l.
1033 3471 1164 3521 ualetudini
1174 3471 1312 3520 varietatem

192 3542 267 3591 uictus
283 3542 465 3602 inobservatam,
484 3542 595 3592 Gronov.
619 3583 649 3591 .-
672 3539 771 3590 celcrius
786 3556 903 3590 5555555555
919 3549 996 3598 extra,
1012 3541 1062 3590 Re
1085 3555 1202 3588 senescere
1218 3537 1313 3588 55515555

193 3619 269 3671 extra,
282 3612 326 3660 12¹.
345 3625 462 3658 senescere
473 3608 567 3657 sceleris
580 3617 643 3671 5555,
657 3611 680 3657 d.
699 3624 815 3656 senescere
826 3607 920 3658 sceleris
932 3615 955 3655 et
965 3608 1007 3668 ito,
1024 3608 1049 3657 V
1060 3609 1156 3657 lineola
1167 3623 1212 3671 per
1223 3623 1311 3657 vocem

192 3677 287 3726 sceler-123
299 3679 421 3726 traducta.
435 3685 489 3725 5555
501 3675 598 3725 celerius
608 3692 734 3736 senescere,
745 3671 775 3737 β
793 3683 863 3723 cutm
879 3674 977 3724 celerius
989 3673 1112 3734 senescere,
1125 3676 1203 3725 Hard.
1215 3689 1233 3738 γ
1248 3677 1311 3724 vitio

193 3760 335 3809 operarum.
360 3786 390 3793 -
415 3745 445 3793 L.
458 3742 643 3803 Lucullus,R².
674 3742 850 3804 Vinculum
874 3741 989 3804 Lacutur,
1000 3745 1034 3792 V.
1052 3741 1174 3803 Lucullus,
1187 3746 1210 3793 d.
1228 3742 1269 3803 L,
1279 3745 1311 3794 T.

192 3815 260 3863 Pint.
272 3815 349 3862 verba
361 3813 393 3862 L.
405 3811 554 3861 Lucullus„
563 3828 634 3875 quam
645 3812 692 3860 sabi
701 3820 730 3861 ut
741 3812 884 3861 adulterina
896 3813 1006 3860 damnat.
1022 3851 1052 3860 -
1068 3811 1220 3874 praesulare,
1232 3812 1266 3859 V.
1280 3853 1310 3860 -

192 3897 253 3941 aevo,
265 3882 309 3929 R'.
324 3921 354 3928 ..
366 3881 461 3942 probro,
473 3877 590 3945 urceo
609 3877 696 3941 (codd.
709 3876 779 3940 Gel.)
794 3880 914 3942 probrum,
927 3880 980 3928 Τό.
996 3879 1102 3942 probum,
1115 3879 1148 3928 V.
1162 3921 1192 3927 -
1205 3878 1270 3936 cibis,
1283 3871 1311 3926 θ.

193 3949 218 3997 in
235 3948 299 4008 eibb,
312 3945 511 4012 VRTdbcpp
529 3948 615 4009 (codd.
633 3946 702 4007 Gel.)
718 3942 768 4010 βγ.
796 3947 821 3995 in
838 3947 907 4008 cibas,
922 3948 955 3996 K.
975 3987 1006 3995 ..
1031 3945 1168 4010 triumphali
1183 3947 1240 4006 seni,
1261 3939 1312 3995 61³

194 4014 279 4078 (codd.
293 4013 363 4077 Gal.)
387 4013 537 4076 triumphalis
554 4015 621 4074 enim,
639 4013 736 4078 ὃθρφ.
756 4012 902 4076 triumphali,
914 4015 948 4063 V.
967 4012 1113 4077 triumphali,
1129 4012 1190 4074 sede,
1207 4017 1260 4065 Td.
1280 4054 1310 4061 -

194 4081 353 4141 deiiciebatur,
366 4085 397 4132 R.
420 4081 598 4143 deiiciebantur‚
614 4078 643 4132 θ.
666 4081 693 4131 id
703 4082 838 4142 eiciebutur,
851 4083 884 4130 V.
902 4080 1068 4142 deidicebatur‚
1081 4079 1178 4145 δθρφ.
1196 4082 1311 4140 utebatur,

194 4151 246 4200 Td.
265 4149 429 4210 deducebatur,
442 4152 515 4199 codd.
529 4151 584 4200 Gel.
597 4146 626 4211 β.
646 4191 676 4199 ..
695 4148 832 4212 aepulandi,
844 4150 878 4198 V.
895 4151 982 4199 Verba
993 4147 1031 4197 vel
1040 4148 1065 4198 in
1080 4146 1197 4212 Capitolii>
1208 4147 1315 4213 epulanti

195 4221 276 4268 omitt.
289 4215 350 4282 cup
358 4232 387 4281 φ,
407 4258 437 4266 -
454 4217 567 4281 pudenda
577 4235 610 4280 re,
624 4215 743 4280 vsrop
750 4231 778 4280 φ.
793 4214 908 4282 pudenda
919 4233 964 4278 ree,
977 4219 1030 4267 To.
