2918 4800
203 283 263 348 186
553 296 756 343 sarnanum
778 295 974 342 fflsroarnn

201 451 286 515 sicae
312 458 418 514 autem
443 448 600 514 callithrix
634 448 708 512 trita
743 446 837 512 simul
864 469 937 512 cum
963 446 1090 513 cumino
1119 458 1151 511 et
1177 447 1253 512 data
1277 470 1318 513 ex

199 551 273 617 vino
301 550 382 616 albo.
418 548 609 615 Verbenaca
636 569 764 632 quoque
794 545 878 612 foliis
906 546 1039 613 decocta
1066 547 1108 610 ad
1136 547 1246 613 tertias
1270 547 1318 614 vel

198 653 291 717 radix
313 651 380 716 eius
403 673 420 716 e
442 650 546 715 mulso
567 649 670 715 calido
692 649 830 715 calculos
853 647 936 726 eicit,
959 647 1035 712 item
1050 671 1221 735 perpressa
1236 671 1318 733 quae

198 753 309 818 Arreti
330 763 362 816 et
383 752 414 816 in
438 751 569 836 Illyrico
590 751 734 816 nascitur
755 751 788 814 in
810 772 894 835 aqua
916 749 1049 816 decocta
1070 773 1111 815 ex
1133 751 1234 817 tribus
1259 750 1317 816 he-

197 853 292 917 minis
320 853 361 916 ad
388 875 485 917 unam
513 864 622 939 pota,
637 851 788 917 trifolium
814 874 854 916 ex
883 851 957 916 vino
985 853 1147 937 samptum
1169 863 1201 917 et
1222 852 1317 937 chry·
1346 839 1349 843 ἢ

198 955 406 1020 santhemum.
433 953 604 1018 Anthemio
626 974 753 1036 quoquc
774 951 912 1017 calculos
934 951 1018 1030 eicit,
1040 953 1148 1038 parvis
1170 975 1190 1017 a
1211 953 1319 1018 radice

197 1056 282 1121 foliis
304 1056 423 1140 quinis,
446 1053 590 1120 caulibus
610 1054 716 1141 longis
738 1052 875 1131 duobus,
896 1051 974 1119 flore
988 1077 1081 1120 roseo
1088 1079 1097 1130 ;
1120 1053 1246 1120 radices
1261 1055 1318 1118 tri-
1401 1126 1405 1141 ‚

198 1168 248 1222 tae
270 1179 330 1242 per
352 1179 386 1222 se
409 1179 468 1222 ceu
489 1156 578 1222 laver
600 1156 744 1221 crudum.

241 1259 291 1323 56.
317 1255 424 1323 Silaus
445 1259 587 1324 nascitur
608 1257 765 1345 glareosis
788 1268 820 1323 et
841 1256 1037 1343 perennibus
1058 1256 1147 1336 rivis,
1171 1255 1318 1322 cubitalis
1333 1273 1364 1319 88

197 1359 252 1444 api
287 1359 508 1438 similitudine3
546 1359 693 1443 coquitur
720 1370 757 1423 ut
785 1359 856 1425 olus
883 1358 1010 1424 acidum
1038 1380 1156 1447 magna
1183 1357 1319 1423 utilitate

197 1461 334 1539 vesicae,
356 1484 449 1545 quae,
472 1462 498 1525 si
521 1460 659 1527 scabiem
682 1461 807 1540 sentiat,
830 1461 963 1547 panacis
978 1460 1085 1526 radice
1109 1470 1238 1524 sanatur
1259 1458 1318 1522 ali-

198 1572 246 1626 ter
267 1561 387 1627 inutilis
409 1562 533 1627 vesicis.
572 1560 721 1627 Calculos
747 1562 836 1649 pellit
863 1562 980 1628 malum
1008 1561 1178 1627 erraticum
1199 1559 1318 1626 radicis

196 1663 279 1728 libra
304 1662 338 1727 in
365 1664 431 1727 vini
458 1664 572 1750 congio
602 1664 735 1729 decocta
762 1663 804 1728 ad
832 1663 992 1742 dimidias,
1016 1718 1053 1727 -
1077 1662 1152 1727 inde
1174 1661 1319 1727 heminae

198 1775 365 1829 sumuntur
386 1787 445 1850 per
466 1765 618 1841 triduum,
642 1765 775 1831 relicum
797 1788 838 1831 ex
860 1765 936 1830 vino
951 1788 1025 1830 cum
1040 1765 1098 1842 sio,
1114 1820 1154 1827 -
1171 1774 1202 1830 et
1217 1762 1320 1828 urtica

196 1867 319 1931 marina
341 1878 373 1931 et
393 1867 531 1932 daucum
553 1877 585 1932 et
605 1867 799 1955 plantaginis
823 1890 932 1933 semen
954 1889 995 1932 ex
1016 1867 1101 1932 vinc.

241 1970 291 2033 57.
318 1967 362 2032 Et
388 1968 487 2034 herba
508 1967 669 2041 Fulviana
695 1969 771 2032 trita
798 1992 839 2033 ex
866 1969 952 2045 vino,
976 2008 1017 2033 -ι
1039 1978 1070 2033 et
1096 1968 1176 2033 haec
1202 1987 1319 2031 nomen

197 2068 372 2134 inventoris
394 2069 491 2134 habet
512 2081 588 2134 nota
609 2070 831 2149 tractantibus,
855 2125 895 2134 ..
917 2069 1027 2134 minas
1048 2069 1118 2133 ciet.

241 2172 291 2237 58.
315 2169 471 2237 Scordion
494 2172 624 2236 testium
647 2182 788 2237 tumores
811 2171 916 2250 sedat3
939 2170 1172 2255 hyoscyamum
1193 2167 1319 2254 genita·
1333 2185 1365 2232 89
1439 2164 1442 2169 ’

197 2272 282 2338 libus
304 2273 461 2351 medetur,
489 2273 666 2359 peucedani
690 2296 787 2339 sucus
809 2296 850 2339 ex
871 2273 1016 2338 melleet
1039 2293 1146 2337 semen
1169 2282 1319 2358 strangu-

197 2373 275 2450 riae,
298 2374 461 2461 agaricum
483 2373 584 2439 obolis
607 2374 709 2440 tribus
732 2375 765 2438 in
787 2376 855 2439 vini
877 2375 995 2440 veteris
1018 2373 1133 2459 cyatho
1155 2394 1230 2452 uno,
1261 2371 1318 2435 tri-

197 2474 253 2538 foli
274 2475 367 2540 radix
388 2475 548 2540 drachmis
570 2475 696 2540 duabus
718 2476 751 2539 in
773 2475 860 2554 vino,
889 2476 984 2541 dauci
1010 2498 1075 2541 una
1097 2473 1248 2540 drachma
1270 2472 1320 2538 vel

199 2575 338 2640 seminis.
370 2576 541 2642 Ischiadici
564 2576 684 2642 semine
706 2587 737 2640 et
758 2577 845 2642 loliis
868 2577 1074 2662 erythrodani
1097 2576 1179 2642 tritis
1203 2597 1318 2640 sanan-

200 2686 262 2754 tur,
282 2699 405 2763 panace
426 2690 503 2764 poto
526 2689 558 2743 et
575 2677 724 2743 infricata
738 2679 927 2765 polemonia,
951 2677 1174 2744 aristolochiae
1188 2677 1321 2743 decocto

201 2777 267 2843 foli.
290 2779 434 2865 Agarico
449 2780 579 2864 quidem
602 2791 634 2846 et
654 2803 770 2846 nervos
788 2781 843 2865 qui
864 2781 971 2867 platys
985 2781 1163 2867 appellatur
1184 2790 1216 2845 et
1229 2799 1320 2843 ume-
1334 2792 1367 2838 9ο

234 2983 302 3046 ἐ87.
320 2984 449 3048 callithrix,
462 2990 506 3038 ad.
524 2986 637 3051 collaria,
654 2981 772 3039 OVRT.
791 2987 932 3052 callitriche,
944 2991 976 3040 K.
995 2988 1151 3050 callitrichon,
1162 2983 1192 3049 β.
1211 3029 1241 3036 -
1261 3001 1321 3044 cum,

201 3069 287 3170 οῐιῖἆει.
297 3095 338 3170 θ-
349 3053 429 3118 solih,
441 3057 545 3106 VRad.
563 3073 615 3105 cum
623 3054 703 3119 soliis,
719 3049 799 3121 θΚγ.
820 3097 851 3106 ..
869 3057 904 3106 ad
915 3057 1006 3119 tertias,
1018 3058 1102 3109 VRd.
1115 3053 1270 3173 {dirimas}
1290 3093 1320 3170 ‚d-

199 3125 988 3256 imitiripiihsifhhh,hffffihh‘spiii}
1005 3127 1212 3255 {cmiii
1228 3124 1323 3240 itt

201 3273 280 3317 arram,
292 3259 324 3308 R.
343 3258 378 3307 ad
388 3277 466 3322 unum,
477 3261 530 3310 Va.
549 3257 584 3308 ad
594 3260 679 3322 vinnm,
693 3263 716 3311 d.
737 3303 767 3311 ..
782 3268 849 3325 pota,
861 3262 985 3311 Vama.
1000 3269 1085 3324 patra,
1097 3263 1142 3311 ΕΙ.
1156 3267 1183 3307 et
1191 3265 1257 3322 pota,
1269 3252 1320 3320 βγ.

202 3365 234 3374 ..
252 3324 461 3391 chrysanthemum,
475 3323 612 3380 OVRTd.
635 3327 836 3394 chrysanthemum
845 3337 934 3393 potum,
946 3331 979 3380 K.
997 3327 1199 3395 chrysanthemum
1209 3325 1321 3390 primum,

202 3387 249 3453 8β.
270 3434 300 3442 -
318 3394 448 3456 Anthemir,
461 3398 514 3447 Τὰ.
531 3394 654 3461 Antemys,
666 3398 700 3447 V.
717 3395 832 3459 Artemii,
847 3389 875 3447 θ.
894 3395 1042 3457 Anthemam,
1055 3391 1153 3460 Rassr.
1168 3437 1198 3444 ,.
1217 3408 1321 3452 rosaceo,

202 3461 247 3510 R¹.
267 3502 297 3510 -
313 3478 359 3526 per
371 3479 419 3525 sue,
431 3465 465 3514 V.
484 3506 515 3513 ..
533 3463 640 3524 cei‚Va

237 3530 251 3592 5
264 3535 305 3579 88.
323 3529 419 3591 Silana,
432 3533 503 3581 codd.
514 3532 629 3581 Barbari.
647 3532 736 3593 naver,
748 3533 854 3582 Barbar.
868 3573 899 3581 -
915 3530 1036 3596 plariosir,
1048 3547 1070 3580 a.
1088 3529 1222 3596 plahrioric,
1235 3529 1321 3579 V‘ro.

201 3593 333 3660 glabriolis,
347 3591 376 3646 θ.
393 3596 513 3662 piabiosir,
526 3601 569 3649 R'.
587 3598 767 3664 abrincam.
791 3640 823 3648 -
846 3598 994 3659 olusatrum,
1006 3600 1109 3649 Barbar.
1122 3600 1155 3649 K.
1175 3639 1206 3648 ..
1224 3594 1322 3657 inutilis,

203 3665 309 3713 vaae.
328 3663 416 3724 inatile,
428 3661 478 3730 βγ.
496 3665 582 3726 inutili,
593 3668 699 3718 Barbar.
710 3684 731 3718 r.
744 3709 774 3717 ..
793 3666 884 3717 vesica
905 3664 1021 3728 calculos,
1033 3668 1138 3717 VRad.
1163 3665 1261 3718 Vesicae
1272 3661 1322 3714 cal·

204 3729 275 3792 calos,
288 3748 307 3781 r.
322 3773 353 3781 -
371 3731 429 3794 vini,
442 3736 465 3782 d.
485 3734 573 3784 Omitt.
584 3735 668 3784 VRa.
682 3777 712 3785 ..
726 3733 824 3796 eminae,
836 3752 851 3785 a
862 3736 899 3785 uti
912 3737 1068 3799 plerumque.
1081 3777 1113 3785 -
1126 3751 1175 3784 cam
1188 3734 1232 3796 cio,
1242 3733 1322 3783 VRa.

205 3798 301 3859 conicio,
313 3799 338 3848 d.
355 3798 415 3848 sicut
426 3800 516 3860 atrion,
527 3803 573 3852 K'.
591 3817 642 3850 cum
654 3819 750 3867 conyza,
761 3804 866 3853 Barbar.
879 3804 929 3853 Kl.
954 3843 984 3852 ..
1007 3810 1030 3850 et
1045 3803 1129 3865 urtica,
1142 3806 1188 3853 ad.
1205 3810 1229 3851 et
1240 3799 1323 3862 ortica,

205 3865 268 3914 VR.
286 3865 371 3928 urtica,
382 3881 407 3931 γ.
427 3908 458 3916 -
477 3867 534 3916 trita
545 3884 574 3916 ec
585 3868 640 3918 vino
651 3877 682 3931 et,
693 3871 792 3920 VR'2a.
812 3871 910 3931 tritaet,
923 3873 946 3920 d.
966 3869 1023 3923 trita
1034 3887 1071 3933 err,
1083 3872 1127 3921 R¹.

241 3934 308 3994 §aa
326 3941 355 3995 et,
368 3936 448 3985 omitt.
461 3936 562 3986 VRad.
582 3978 613 3985 -
636 3953 720 3999 semen,
733 3939 814 3988 VRa.
833 3939 988 3990 omaro.
1012 3980 1043 3988 -
1065 3937 1225 4003 stranyyriae,
1239 3938 1272 3987 V.
1292 3976 1322 3985 ..

207 3997 261 4046 vino
273 3997 337 4047 dulci
345 4017 393 4049 una
405 3999 526 4059 drachma,
539 4020 557 4053 r.
576 4002 630 4052 vino
642 4002 707 4054 dulci
717 4004 754 4054 uel
763 4021 812 4054 nna
824 4004 939 4055 drachma
950 4005 1051 4068 seminis,
1063 4007 1096 4056 Κ.
1109 4048 1140 4057 ..
1158 4003 1281 4065 Irciadici,
1291 4003 1322 4053 R.

207 4063 345 4127 Insciadici,
361 4068 393 4117 V.
417 4068 530 4132 Scindici,
548 4073 572 4120 d.
595 4070 717 4134 Schadc'ci,
734 4089 757 4123 8.
781 4114 812 4122 ..
833 4072 928 4135 semine,
943 4075 1047 4125 VRad.
1070 4084 1094 4124 et
1109 4073 1203 4134 semine,
1219 4067 1271 4136 βγ.
1292 4112 1322 4120 .-

105 4188 107 4195 ,
205 4139 270 4196 poto,
282 4134 406 4184 VRadr.
421 4145 487 4199 pota,
499 4133 528 4199 β.
548 4179 579 4188 ..
597 4137 831 4204 ἰνψίοαιοΝΒιιά.

58 4226 62 4232 ·
242 4202 323 4278 §titt
336 4199 423 4265 platys,
440 4206 463 4253 d.
488 4204 576 4268 platus,
594 4200 702 4259 ovas.
732 4249 761 4256 ..
791 4208 863 4272 potis,
881 4210 914 4260 K.
943 4249 973 4256 -
1004 4207 1199 4272 Quinqnisolium,
1216 4209 1267 4258 Ra.
1291 4247 1322 4256 -

81 4258 341 4512 warmatiam,
357 4283 380 4317 8.
402 4270 519 4334 triadicis,
535 4274 619 4324 vad.
643 4315 675 4325 ..
701 4274 850 4338 scammonia,
868 4277 913 4327 ad.
936 4275 1063 4337 scamonia,
1082 4277 1144 4327 VR.
1169 4317 1200 4326 ..
1227 4282 1324 4336 etcum,
