2918 4800
184 270 245 334 136
534 283 738 333 unruannrs
760 284 956 333 meroruau

181 461 245 523 quc
266 435 360 503 nobis
382 445 568 502 contunsam
589 437 691 501 mixta
706 439 792 504 calce
811 436 845 500 in
858 459 947 501 mare
963 457 1129 521 sparsere3
1153 435 1305 501 advolant

182 540 289 627 pisces
319 537 494 623 cupiditate
521 537 604 602 mira
629 537 799 623 statimque
828 537 1001 603 exanimati
1027 537 1165 603 fluitant.
1210 535 1306 618 Quae

183 639 361 730 polyrrizos
383 638 628 726 cognominatur
649 639 819 715 convolsis,
848 638 1024 716 contunsis,
1054 660 1095 704 ex
1122 639 1186 704 alto
1208 661 1305 725 prae-

183 740 321 830 cipitatis
342 741 448 804 radice
470 749 547 826 pota
568 763 609 805 ex
630 763 714 826 aqua
735 740 905 806 utilissima
927 762 998 805 esse
1013 740 1161 819 traditur,
1185 739 1307 805 semiue

183 841 359 931 pleuriticis
387 851 419 906 et
443 841 567 920 nervis,
598 842 800 920 confirmare,
836 841 1049 919 excalfaoere,
1077 842 1189 907 eadem
1218 852 1307 926 saty-

183 945 254 1011 rion
275 965 356 1009 esse.

227 1046 278 1110 55.
305 1044 429 1110 Verum
451 1054 483 1109 et
510 1045 645 1110 effectus
671 1066 815 1130 ususque
842 1044 969 1110 dicendi
998 1055 1073 1110 sunt
1100 1044 1307 1111 ordiendum·
1321 1062 1354 1109 os

186 1167 249 1232 que
265 1168 283 1211 s
298 1146 453 1212 malorum
467 1147 608 1212 omnium
622 1146 775 1233 pessimo,
791 1169 808 1213 e
824 1147 1020 1233 serpentium
1034 1146 1111 1213 ictu.
1133 1145 1309 1212 Medentur

184 1270 263 1335 ergo
290 1247 477 1314 Britannica
503 1247 617 1326 herba,
650 1249 782 1334 panacis
814 1249 956 1314 omnium
984 1269 1140 1336 generum
1167 1247 1260 1312 radix
1290 1269 1309 1314 e

184 1348 270 1428 vino,
302 1347 447 1415 Chironii
469 1359 501 1415 et
519 1349 579 1416 llos
602 1360 634 1416 et
662 1370 769 1415 semen
795 1360 908 1437 potum
928 1350 1096 1416 inlitumve
1118 1372 1158 1415 ex
1180 1349 1255 1415 vino
1277 1358 1310 1414 et

185 1451 267 1529 oleo,
289 1450 440 1536 privatim
461 1472 545 1536 quae
566 1450 671 1517 cunila
692 1450 814 1518 bubula
835 1453 1027 1538 appellatur,
1049 1449 1237 1519 Polemonia
1258 1448 1310 1515 vel

185 1551 377 1619 Philetaeris
398 1552 516 1618 radicis
531 1551 690 1618 drachmis
708 1563 858 1638 quattuor
871 1552 906 1617 in
920 1574 1027 1630 mer03
1049 1550 1199 1631 Teucria,
1222 1550 1309 1617 side-
1324 1569 1374 1616 roo

185 1654 267 1732 ritis,
290 1653 447 1720 scordotis
475 1677 516 1720 ex
543 1655 629 1734 vino,
659 1654 812 1740 privatim
839 1653 880 1720 ad
902 1654 1030 1741 anguis,
1057 1663 1134 1740 pota
1161 1663 1194 1719 et
1219 1651 1310 1718 inlita

187 1757 256 1822 sive
285 1777 362 1822 suco
392 1755 460 1821 sive
491 1756 568 1822 folio
602 1757 669 1823 sive
703 1757 850 1836 decocto,
886 1756 1031 1823 centauri
1058 1755 1189 1820 maioris
1216 1754 1317 1820 radix

188 1857 340 1924 drachma
360 1857 394 1921 in
416 1856 481 1922 vini
504 1859 569 1925 albi
590 1859 716 1944 cyathis
739 1858 854 1936 tribus,
878 1855 1040 1925 Gentiana
1060 1856 1236 1944 praecipue
1251 1856 1311 1922 ad·

188 1982 302 2025 versus
329 1959 446 2047 anguis
473 1959 600 2025 duabus
628 1959 790 2026 drachmis
817 1981 890 2025 cum
921 1958 1035 2046 pipere
1064 1969 1096 2024 et
1122 1969 1210 2037 ruta,
1243 1957 1311 2023 vini

189 2060 313 2147 cyathis
336 2082 394 2126 sex
420 2061 487 2127 sive
512 2062 626 2127 viridis
653 2062 720 2128 sive
743 2062 828 2128 sicca
835 2087 844 2141 3
873 2070 905 2126 et
925 2060 1152 2146 Lysimachiae
1179 2061 1311 2127 odorem

173 2162 326 2251 lugiunt.
348 2161 456 2228 Datur
478 2187 518 2228 ex
539 2164 615 2230 vino
636 2163 799 2250 percussis
821 2162 1015 2239 chelidonia3
1038 2163 1198 2229 morsibus
1219 2161 1372 2248 inps-101

187 2264 275 2328 nitur
294 2263 468 2331 Vettonica
489 2266 663 2352 praecipue
685 2266 737 2331 oui
758 2265 808 2331 vis
831 2274 920 2330 tanta
940 2263 1128 2350 perhibetur
1149 2274 1185 2328 ut
1206 2263 1312 2329 inclu-

190 2387 243 2431 sae
266 2365 383 2431 circulo
405 2365 475 2430 eius
497 2375 660 2451 serpentes
682 2367 772 2452 ipsae
795 2389 865 2432 sese
893 2365 1080 2432 interimant
1100 2365 1311 2454 flagelland03

189 2467 284 2531 datur
304 2466 346 2530 ad
367 2465 450 2532 ictus
472 2489 581 2532 semen
608 2467 677 2532 eius
706 2468 816 2533 denari
841 2468 984 2556 pondere
1009 2491 1082 2533 cum
1107 2467 1209 2533 tribus
1235 2489 1313 2552 cya-

190 2566 254 2632 this
273 2566 341 2631 vini
356 2568 408 2634 vel
423 2568 527 2633 farina
548 2568 709 2635 drachmis
731 2569 833 2635 tribus
856 2569 993 2635 sextario
1015 2591 1117 2655 aquae
1138 2569 1313 2656 inponitur.

191 2666 395 2749 Cantabrica,
418 2669 626 2750 dictamnum,
654 2671 856 2738 aristolochia
876 2671 995 2737 radicis
1018 2671 1168 2737 drachma
1189 2671 1224 2736 in
1244 2671 1314 2736 vini

189 2769 318 2838 hemina
345 2771 404 2839 sed
432 2773 560 2859 saepius
581 2771 736 2854 bibenda3
763 2773 895 2861 prodest
916 2783 949 2841 et
968 2772 1061 2840 inlita
1081 2796 1123 2841 ex
1145 2780 1245 2852 aceto,
1269 2770 1313 2838 si·

225 2983 291 3045 598.
309 2980 383 3045 aolrr's,
393 2983 475 3033 VRd.
493 2990 526 3046 ut,
535 3000 558 3034 a.
572 3023 605 3034 ..
616 2982 700 3045 macta,
708 2975 813 3035 vaso.
831 2977 1008 3049 immixtassy.
1021 3023 1053 3032 ..
1066 2997 1140 3043 mare,
1153 2974 1315 3032 svaran.

190 3046 262 3110 mari,
275 3044 305 3110 β.
329 3091 360 3100 ..
384 3049 541 3114 exanimitati,
557 3052 590 3103 R.
608 3091 640 3102 ..
658 3050 831 3116 stucitaatV.
849 3092 881 3102 ..
901 3051 1026 3116 pobryras,
1038 3051 1072 3102 V.
1090 3090 1123 3102 ..
1144 3047 1278 3114 pleuriticis
1292 3053 1316 3097 et

190 3115 277 3179 aarum
289 3116 520 3247 VRTadddrbqt.
544 3117 680 3183 pleuriticos
695 3126 719 3168 et
732 3136 823 3181 navos,
835 3115 864 3182 β.
882 3160 914 3170 -
937 3117 1044 3180 saurioa,
1056 3119 1088 3169 K.
1108 3157 1139 3168 ..
1162 3133 1219 3178 esse,
1231 3117 1315 3167 vua.

190 3184 212 3234 is
232 3186 286 3236 din
298 3201 392 3237 rasura.
414 3195 454 3246 est,
489 3223 495 3236 .

213 3222 239 3317 ’ξ
253 3258 293 3303 99.
311 3262 341 3316 et,
353 3255 428 3305 Vsd.
442 3255 531 3306 Omitt.
547 3247 632 3305 θΒΤ.
652 3297 683 3305 -
701 3253 806 3320 effeetus,
822 3247 982 3307 &VRTad
1004 3253 1102 3320 ffeetus
1113 3267 1201 3314 aarum,
1212 3245 1264 3315 βγ.
1283 3291 1315 3302 ..

191 3338 211 3383 e,
227 3323 263 3371 ita
279 3338 325 3373 nos
341 3324 495 3387 scripsimus.
521 3340 546 3385 a,
558 3318 660 3389 Vafiy.
678 3323 766 3376 Omitt.
779 3324 833 3375 Rd.
851 3364 883 3374 -
906 3338 926 3383 e,
943 3323 979 3374 ita
995 3337 1042 3372 nos
1054 3321 1206 3386 scripsimus.
1232 3324 1254 3380 ἒ,
1269 3321 1315 3370 ad.

191 3397 233 3451 est,
245 3391 278 3439 V.
302 3388 380 3450 idest,
392 3386 443 3454 βγ.
467 3391 538 3441 Nihil
550 3392 641 3442 horum
654 3392 731 3442 habet
742 3393 773 3442 R.
793 3432 825 3441 ..
847 3390 996 3452 Brittauira,
1006 3390 1041 3441 V.
1060 3430 1092 3440 ..
1108 3387 1219 3452 paroch,
1231 3388 1315 3439 VRd.

188 3473 302 3521 paratu,
315 3474 338 3508 a.
361 3459 517 3523 patiarisque,
529 3454 579 3524 βγ.
599 3500 629 3508 -
649 3460 750 3509 omnium
760 3475 878 3525 yeuerum,
890 3460 996 3510 VRad.
1021 3472 1132 3522 peneum
1143 3455 1253 3517 omnium,
1264 3449 1315 3519 βγ.

192 3565 224 3575 ..
246 3523 350 3589 Chiroui,
361 3527 396 3577 V.
415 3568 446 3576 -
465 3526 543 3590 etflas
554 3534 583 3585 et,
595 3528 701 3578 VRad.
716 3527 768 3591 flos
779 3535 810 3589 et,
820 3522 872 3592 βγ.
892 3568 924 3576 -
938 3526 1055 3591 privatim
1067 3540 1136 3588 quae,
1148 3525 1185 3574 ita
1194 3539 1243 3574 nos
1254 3523 1316 3573 scri·

191 3594 296 3657 palmus.
319 3593 486 3658 priuatimque,
499 3596 602 3646 Vde.
626 3595 866 3659 privatimquequae,
878 3590 928 3659 βγ.
947 3635 979 3644 ..
1001 3592 1116 3653 συηὶουὶα,
1129 3594 1174 3642 ad.
1201 3589 1316 3651 eramala,

191 3662 255 3711 VR.
283 3661 412 3724 ceruicula,
424 3663 455 3712 T.
480 3703 511 3712 ...
538 3661 690 3725 Philetaeris,
709 3662 821 3714 Gronov.
837 3666 884 3714 ad.
911 3660 1049 3723 Philoteris,
1066 3658 1194 3725 stupa.
1220 3657 1317 3723 phylla-

193 3729 258 3789 teris,
270 3730 304 3780 V.
321 3728 479 3790 Philetaeris,
490 3725 542 3795 βγ.
561 3771 592 3780 ..
612 3729 637 3779 ia
649 3747 720 3792 mae,
732 3732 846 3782 VTad..
855 3730 880 3780 ia
892 3745 994 3792 numae,
1006 3731 1038 3781 B.
1057 3745 1087 3777 ea
1097 3744 1168 3789 mera
1179 3723 1231 3792 βγ.

227 3799 241 3860 ξ
256 3803 312 3848 100.
333 3797 443 3858 Teucria,
453 3799 536 3849 VRd.
558 3797 680 3859 Teucrias,
692 3815 715 3849 a.
737 3798 861 3857 Teucrion,
872 3797 905 3849 K.
918 3838 949 3847 -
962 3796 1075 3856 cadatis,
1085 3798 1118 3847 V.
1131 3837 1163 3847 ..
1175 3811 1272 3860 unques,
1284 3795 1316 3846 R.

195 3905 225 3914 ..
236 3873 295 3927 pata
306 3872 329 3914 et
340 3863 420 3926 inlita,
433 3859 593 3916 OVRTad.
609 3874 682 3930 potae
693 3873 716 3914 et
727 3865 810 3929 illitae,
820 3861 871 3933 βγ.
884 3906 916 3916 ..
930 3864 1021 3926 radice,
1030 3866 1136 3916 VRad.
1147 3905 1179 3915 -
1193 3861 1316 3923 drachma,

192 3933 277 3983 VRd.
295 3932 359 4066 alhfiry,
371 3951 393 3984 s.
407 3974 438 3984 ..
451 3933 549 3998 quietis,
558 3935 583 3985 R
594 3933 684 3998 (ctiam
695 3934 782 3998 infra).
794 3976 826 3986 ..
843 3933 974 3996 Gentiana,
983 3934 1017 3984 V.
1036 3933 1155 3986 Ceterum
1168 3948 1192 3983 v.
1201 3933 1317 3984 Dioscor.

193 4006 254 4061 8,3.
273 4041 304 4049 -
360 4001 417 4062 iurat,
429 4003 463 4052 V.

227 4066 313 4127 §loa
339 4067 642 4135 chelidonia-inponitur,
664 4070 745 4121 omitt.
762 4070 847 4121 VRd.
871 4111 902 4120 ..
933 4069 1063 4132 Vettonica,
1079 4070 1113 4119 V.
1143 4068 1275 4128 Vectouica,
1292 4069 1317 4118 d.

200 4135 321 4198 Vetoaiea,
333 4138 365 4188 R.
390 4137 516 4200 Vettonica,
528 4155 551 4189 s.
569 4178 601 4188 ..
620 4137 660 4188 cui
670 4139 707 4188 urs
720 4144 788 4188 tauta
796 4136 940 4203 perhibetur,
952 4139 1034 4189 VBs..
1050 4132 1093 4188 eui
1103 4143 1172 4186 tauta
1180 4135 1318 4200 perhibetur

193 4202 237 4265 vis,
250 4204 303 4254 Τὰ.
323 4246 354 4254 ..
371 4212 402 4267 et,
414 4221 436 4255 a
455 4247 487 4256 ..
505 4204 598 4268 iurum
610 4207 634 4256 d
653 4247 685 4257 ..
704 4206 839 4273 ipsaesese,
852 4208 913 4258 VR.
932 4206 981 4270 ipsi
990 4221 1049 4266 sese,
1061 4223 1084 4257 a.
1107 4205 1157 4270 ipsi
1167 4221 1200 4268 se,
1212 4207 1266 4257 Td.
1285 4244 1318 4255 -

192 4271 316 4336 sextarios,
328 4275 402 4326 ΨΒ.
421 4314 451 4324 ..
471 4273 603 4338 inpertiam
620 4289 666 4340 pro
683 4276 709 4326 h.
724 4291 747 4324 v.
763 4275 860 4326 habant
869 4273 961 4336 farina
976 4281 1000 4323 et
1011 4273 1111 4338 ponitur
1121 4274 1206 4336 vua,
1224 4270 1318 4338 farina
