2918 4800
309 342 380 389 nm.
398 342 517 388 xxrm.
548 340 848 388 cae.xv11.xv1n.
879 338 978 387 sncr.
995 339 1102 385 roaros.
1221 325 1261 388 97

142 494 215 561 bam
242 492 535 579 aeschynomenen,
568 492 718 577 quoniam
749 491 1028 578 adpropinquante
1056 514 1152 557 manu
1186 491 1264 557 lolia

143 595 353 674 contraheret,
376 595 472 660 aliam
492 593 620 660 erocida
642 593 734 659 cuius
756 603 843 659 tactu
857 593 1029 681 phalangia
1048 604 1262 671 morerentur3

144 695 301 762 Crateuas
322 697 556 762 oenotheridem
571 696 662 762 cuius
677 696 831 782 adspersu
854 718 872 761 e
894 694 968 760 vino
989 694 1100 760 feritas
1122 695 1264 760 omnium

142 797 324 863 animalium
346 797 565 884 mitigaretur3
593 806 888 884 anacampserotcm
917 795 1043 861 celeber
1064 806 1133 861 arte
1155 819 1264 885 gram·

142 901 260 965 matica
278 899 375 985 paulo
397 910 481 978 ante,
512 899 604 965 cuius
632 899 761 964 omnino
789 907 877 963 tactu
903 897 1045 963 redirent
1067 920 1192 963 amores
1214 895 1265 962 vel

142 1023 216 1065 cum
236 1000 310 1065 odio
331 999 479 1086 depositi.
506 999 552 1065 Et
573 1001 700 1066 abunde
722 1000 763 1064 sit
784 999 938 1064 hactenus
960 999 1105 1084 attigisse
1126 999 1266 1086 insignia

143 1123 310 1186 magorum
330 1102 364 1165 in
385 1100 503 1179 herbis,
526 1101 587 1165 alia
609 1101 649 1166 dc
670 1101 721 1165 his
743 1102 868 1187 aptiore
890 1101 1025 1166 dicturis
1045 1099 1125 1165 loco.

185 1201 320 1267 XVIII.
344 1205 415 1269 103.
439 1202 609 1289 Eriphiam
629 1202 721 1266 multi
742 1203 928 1289 prodiderc;
960 1200 1167 1268 scarabaeum
1188 1199 1266 1264 haec
1280 1216 1328 1262 tos

143 1303 175 1367 in
197 1326 299 1368 avena
320 1304 415 1371 habet
437 1328 548 1371 susum
570 1304 720 1370 deorsum
742 1304 964 1369 decurrentem
979 1327 1052 1369 eum
1068 1326 1144 1369 sono
1160 1301 1266 1379 haedi,

143 1405 228 1470 unde
251 1416 284 1470 et
303 1429 419 1472 nomen
441 1407 583 1491 accepit3
605 1405 665 1472 hac
687 1406 728 1470 ad
746 1429 858 1472 vocem
872 1406 950 1470 nihil
965 1406 1179 1492 praestantius
1195 1427 1266 1470 esse

143 1508 283 1573 tradunt

188 1611 259 1673 104.
281 1608 394 1675 Herba
413 1608 536 1674 lanaria
556 1609 671 1674 ovibus
693 1607 808 1673 ieiunis
830 1608 904 1673 deta
924 1608 1015 1674 lactis
1037 1606 1267 1673 abundantiam

143 1711 229 1776 facit.
251 1711 365 1795 Aeque
387 1721 461 1776 nota
481 1710 609 1777 lactoris
631 1710 727 1803 volgo
749 1720 807 1788 est,
830 1711 926 1796 plena
948 1709 1041 1775 lactis
1061 1710 1148 1794 quod
1163 1710 1267 1797 degu-

146 1824 264 1876 statum
293 1812 483 1877 vomitiones
510 1812 659 1878 concitat.
703 1812 850 1877 Eandem
877 1811 960 1877 hanc
992 1811 1090 1895 aliqui
1117 1833 1188 1876 esse
1216 1811 1266 1874 di-

143 1924 232 1992 cunt,
259 1913 314 1978 alii
337 1913 473 1978 similem
494 1913 541 1977 illi
562 1936 660 1997 quam
680 1913 850 1979 militarem
872 1921 998 1990 vocant,
1027 1911 1177 1994 quoniam
1198 1911 1267 1977 vol-

144 2037 205 2078 nus
230 2015 317 2079 ferro
345 2014 465 2078 factum
491 2015 615 2080 nullum
643 2037 707 2079 non
733 2014 818 2078 intra
844 2013 915 2079 dies
942 2013 1085 2096 quinque
1115 2023 1207 2077 sanet
1227 2035 1268 2078 ex

144 2114 212 2181 oleo
233 2114 383 2201 inposita.

188 2217 259 2282 105.
288 2214 480 2283 Celebratur
501 2226 609 2281 autem
631 2225 662 2278 et
683 2237 703 2279 a
725 2211 860 2280 Graecis
883 2214 1055 2294 stratiotes,
1085 2217 1142 2281 sed
1169 2238 1208 2281 ea
1234 2214 1268 2278 in
1283 2231 1330 2277 ree

143 2314 299 2403 Aegypto
321 2327 445 2382 tantum
473 2327 505 2383 et
531 2316 739 2381 inundatione
759 2314 828 2382 Nili
850 2316 1002 2394 nascitur,
1031 2317 1122 2383 aizoo
1144 2315 1267 2395 similis,

145 2419 179 2482 ni
199 2418 321 2484 maiora
342 2418 474 2484 haberet
494 2417 580 2483 folia.
603 2417 789 2504 Refrigerat
806 2416 885 2482 mire
907 2427 939 2482 et
961 2417 1091 2482 volnera
1114 2428 1206 2482 sanat
1227 2441 1268 2484 ex

144 2532 235 2586 aceto
257 2518 357 2598 inlita,
386 2520 463 2584 item
488 2519 575 2608 ignis
603 2541 710 2584 sacros
733 2530 765 2584 et
787 2519 1048 2605 suppurationes3
1080 2520 1269 2606 sangninem

144 2642 271 2706 quoque
297 2621 354 2705 qui
375 2620 484 2687 defluit
506 2643 526 2686 a
546 2619 678 2687 renibus
706 2630 784 2706 pota
811 2642 883 2686 cum
913 2631 985 2687 ture
1013 2621 1156 2688 masculo
1177 2620 1267 2685 miri-

143 2721 203 2788 fice
223 2721 316 2787 sistit.

144 2893 278 2959 excolentes,
287 2896 321 2948 V.
335 2938 367 2947 -
384 2896 461 2946 animi
471 2897 596 2961 etsormoe
608 2897 683 2959 bonis,
699 2890 798 2949 orac.
816 2897 893 2946 animi
902 2898 1016 2962 etsermc
1027 2915 1039 2947 e
1052 2898 1126 2959 bonis,
1134 2899 1169 2948 V.
1187 2896 1267 2947 animo

144 2963 270 3091 etsorrvppq
278 2971 349 3027 etque
367 2965 445 3029 bonos,
461 2960 512 3030 βγ.
534 3007 567 3016 ..
594 2973 665 3029 otque
680 2963 772 3028 larum,
790 2959 871 3016 θΤά.
897 2972 969 3029 atque
985 2982 1046 3030 quae
1063 2965 1156 3029 Mrem,
1172 2980 1195 3016 e.
1222 2963 1266 3014 lta·

144 3045 204 3090 ram,
293 3068 300 3082 .

179 3045 450 3162 ξ167.ζ4ροὶἱοᾰοηιε,
466 3092 514 3150 Oa.
536 3097 699 3164 Apollodotus,
711 3103 735 3151 d.
757 3098 937 3164 Appollodotus,
949 3101 984 3149 V.
1003 3139 1034 3149 ..
1052 3099 1221 3160 aeeinomenen,
1232 3101 1266 3149 V.

145 3181 318 3230 magnonem,
328 3168 351 3216 d.
370 3182 400 3214 ex
411 3183 456 3230 quo
468 3183 556 3226 nomen,
566 3183 589 3216 a.
602 3208 635 3217 ..
652 3166 806 3227 contraheret,
815 3185 838 3217 a.
856 3165 1002 3226 connubere,
1010 3167 1044 3216 V.
1062 3166 1232 3226 waucherent,
1242 3167 1266 3215 d.

146 3274 177 3282 ..
196 3231 255 3295 alta,
268 3235 321 3284 Va.
340 3276 372 3284 -
396 3231 499 3296 orooida,
515 3226 644 3285 OVTad.
667 3232 789 3295 orocidem,
801 3230 830 3296 β.
850 3274 881 3283 -
899 3240 1055 3293 morarentur,
1067 3234 1101 3282 V.
1119 3275 1150 3283 -
1169 3232 1266 3282 onothu-

145 3299 258 3363 ridenin,
271 3317 294 3351 a.
320 3300 443 3350 oaclbon'n
458 3300 491 3361 in,
503 3302 536 3351 V.
563 3300 731 3363 onothurinia,
744 3302 775 3351 Τ.
802 3299 933 3349 onctbarim
949 3299 1018 3359 irad.
1045 3299 1222 3361 oenotlm'nem,
1237 3292 1266 3350 θ.

145 3409 177 3417 -
201 3367 266 3416 euius
281 3366 513 3433 adspersu-paulo
530 3375 597 3431 ante,
615 3383 666 3418 om.
683 3384 707 3417 a.
731 3409 763 3418 ..
790 3375 983 3432 anacampserote
999 3365 1137 3429 celebrante,
1155 3371 1178 3418 d.
1205 3383 1266 3416 ana-

144 3443 287 3498 campserote
302 3434 432 3497 celebaate,
450 3436 484 3485 V.
508 3476 539 3485 -
563 3433 687 3499 puniente,
703 3437 737 3485 V.
764 3435 852 3486 Dalec.
874 3436 1002 3500 Apionem
1019 3435 1060 3485 vel
1075 3435 1267 3499 Apollodorum

143 3503 279 3582 gigmficeri
293 3513 392 3565 censet,
409 3503 533 3582 Hardnin.
552 3504 687 3581 Apiqnem.
706 3544 737 3581 .-
757 3500 819 3565 odio,
831 3503 887 3583 Vd.
904 3502 961 3565 alio,
973 3517 996 3553 a.
1013 3545 1047 3582 .··
1065 3500 1180 3632 affeetu,
1191 3517 1214 3553 a.
1233 3544 1266 3581 t·

145 3573 429 3704 ttt‘ftd‘tat'l
430 3587 471 3688 '¹1⁰
477 3572 583 3702 ab..
594 3569 692 3688 §.T
691 3564 966 3701 iitidlffldia'*
967 3572 1037 3701 titt
1054 3568 1266 3698 balta-Teii?

181 3703 266 3765 §tes
283 3704 405 3770 Εήρὰυη,
416 3707 471 3756 Vd.
489 3746 521 3757 ..
539 3707 701 3766 scarabaeum,
714 3723 737 3756 a.
758 3705 921 3770 sacruficem,
932 3708 988 3756 Vd.
1005 3703 1170 3769 ecnrnpbeam,
1185 3699 1213 3756 θ.
1232 3748 1264 3757 .-

143 3787 232 3834 meum,
244 3775 278 3824 V.
303 3769 513 3839 terreamur.
537 3816 569 3824 ..
595 3771 674 3836 hoedi,
690 3775 724 3824 V.
751 3771 826 3836 hoedi,
843 3771 933 3839 edssr.
957 3815 988 3823 ..
1016 3780 1045 3834 et,
1062 3774 1108 3823 ed.
1135 3772 1165 3833 ei,
1180 3775 1213 3824 V.
1232 3816 1264 3825 ..

144 3839 248 3902 ieiunia,
263 3832 292 3891 Θ.
309 3882 341 3892 -
361 3839 465 3903 lactoris,
476 3858 499 3891 a.
519 3841 627 3902 bacterio,
639 3843 665 3892 V
677 3839 844 3907 (quamquam
856 3841 954 3891 tectoria
964 3841 1042 3891 fuisse
1054 3839 1172 3904 videtur).
1190 3841 1264 3892 iacta-

144 3906 187 3968 ria,
199 3911 223 3958 d.
243 3949 275 3958 ..
293 3906 374 3973 cuba,
384 3910 420 3959 V.
437 3949 468 3958 ..
487 3910 612 3969 mesilam,
623 3910 658 3959 V.
677 3950 709 3958 ..
726 3907 813 3958 nullum
826 3908 890 3972 qaod
900 3925 953 3969 non,
966 3908 997 3959 Τ.
1017 3949 1047 3958 ..
1065 3917 1140 3968 sanet,
1151 3910 1182 3960 Τ.

179 3977 194 4039 5
214 3982 270 4026 169.
296 3976 427 4038 enodatos,
444 3977 548 4027 Barber.
569 3969 670 4027 OVTd
686 3974 772 4038 (codd.
791 3974 862 4038 Gal.)
888 3975 1011 4037 εἰναείοῆε,
1028 3971 1077 4038 ass.
1105 3976 1223 4029 Ceterum
1240 3994 1263 4027 v.

144 4043 367 4106 Dioscor.4,1oo.
385 4085 416 4094 ..
441 4041 530 4104 sedeo,
543 4041 689 4107 Vd(codd.
702 4042 773 4106 Gel.)
797 4051 831 4092 est
842 4050 865 4091 et
876 4059 913 4106 ea,
924 4059 944 4094 r.
969 4041 1094 4107 cocleae.
1112 4085 1143 4096 ...
1166 4044 1263 4095 inceda-

146 4108 284 4172 tionenilil,
297 4113 331 4162 V.
350 4153 380 4161 ..
400 4110 578 4173 nascitur,Va.
604 4125 710 4171 nascens,
723 4111 775 4161 Td.
794 4152 826 4161 -
850 4110 924 4173 aizoo,
935 4112 990 4161 Vd.
1017 4112 1111 4174 aizaa
1137 4108 1263 4175 misceri.

146 4216 177 4292 ῖ-
200 4177 365 4295 {esn'qeranq
377 4179 410 4229 V.
433 4219 464 4229 ..
492 4186 515 4227 et
529 4177 783 4243 suppurationes,Vd.
809 4195 839 4227 oe
854 4179 1040 4244 suppurationes,
1053 4176 1124 4246 assr.
1145 4222 1174 4230 -
1197 4180 1263 4229 nari-

160 4260 195 4304 us,
230 4247 275 4297 int.

178 4313 254 4363 Pam.
272 4313 320 4363 IV.
1043 4315 1061 4375 7
