2918 4800
213 292 276 353 434
565 305 769 351 unruesurs
792 305 986 354 mesonma

213 455 380 545 Euripidis
401 465 513 541 poetae
536 455 715 541 sepulchro,
738 456 802 522 duo
819 457 879 546 rivi
896 457 1069 534 confluunt,
1092 457 1171 522 alter
1190 455 1335 523 saluber-

212 557 284 625 rimi
306 569 412 646 potus,
435 557 514 621 alter
537 557 704 623 mortiferi.

264 662 314 730 20.
341 659 382 723 In
410 658 604 744 Perperenis
630 660 703 726 fons
730 671 779 725 est
808 680 1040 744 quamcumque
1066 660 1153 747 rigat
1173 660 1381 747 lapideamas

138 826 140 832 ⁴
211 761 331 828 faciens
360 771 494 836 terram3
531 759 608 827 item
636 759 758 827 calidae
791 781 895 843 aquae
920 759 954 824 in
983 761 1137 828 Euboeae
1165 760 1334 846 Aedepso;

211 886 285 929 nam
305 884 370 947 qua
391 861 477 927 eadit
498 862 597 940 rivos,
626 884 704 929 saxa
731 861 765 926 in
787 861 987 930 altitudinem
1009 874 1164 928 crescunt.
1201 861 1242 927 In
1263 861 1336 926 Eu·

211 965 353 1050 rymenis
379 963 520 1032 deiectae
547 985 682 1031 coronae
704 962 880 1029 insontem
906 963 1054 1049 lapideae
1075 963 1166 1029 fiunt.
1203 962 1244 1027 In
1268 960 1348 1027 Co·-

209 1067 305 1132 lossis
332 1065 451 1136 flumen
480 1075 530 1130 est
558 1086 623 1149 quo
648 1065 765 1133 lateres
792 1064 926 1132 coniecti
954 1065 1080 1151 lapides
1112 1064 1334 1131 extrahuntur.

210 1167 250 1232 In
273 1165 447 1252 Scyretico
460 1166 587 1233 metallo
610 1166 742 1233 arbores
763 1188 984 1252 quaecumque
1005 1167 1136 1233 flumine
1162 1166 1336 1232 adluuntur

212 1291 290 1333 saxa
310 1267 392 1335 fiunt
412 1290 485 1333 cum
506 1268 614 1333 ramis.
636 1266 845 1335 Destillantes
861 1289 988 1352 quoque
1008 1279 1121 1355 guttae
1141 1267 1250 1354 lapide
1272 1268 1334 1332 du·
1348 1284 1381 1328 eo

210 1380 340 1435 rescunt
360 1370 394 1434 iu
415 1369 516 1435 antris
539 1367 701 1454 Coryciis;
723 1392 799 1439 nam
818 1368 948 1437 Miezne
969 1369 1003 1436 in
1024 1369 1217 1436 Macedonia
1238 1371 1335 1435 etiam

210 1471 389 1557 pendentes
409 1471 443 1536 in
464 1470 545 1556 ipsis
568 1471 714 1550 camaris,
736 1481 769 1536 at
789 1471 824 1538 in
847 1470 996 1556 Corycio,
1020 1494 1092 1537 cum
1115 1471 1277 1548 cecidere3
1300 1472 1334 1535 in

209 1571 403 1658 quibusdam
425 1572 586 1658 speluncis
606 1582 741 1658 utroque
763 1571 870 1651 modo,
892 1573 1120 1657 columnasque
1142 1573 1275 1651 faciunt,
1299 1587 1335 1638 ut

211 1675 244 1738 in
271 1674 414 1741 Phausia
443 1672 638 1743 Chersonesi
666 1673 865 1741 Rhodiorum
894 1674 931 1741 in
955 1685 1048 1742 antro
1074 1696 1209 1762 magno,
1237 1675 1334 1741 etiam

210 1776 361 1843 discolori
382 1776 546 1862 adspectu.
569 1775 614 1841 Et
634 1775 789 1845 hactenus
809 1775 949 1846 contenti
970 1771 1069 1841 simus
1092 1776 1258 1862 exemplis.
1294 1852 1296 1857 .

252 1878 316 1942 III.
339 1880 389 1944 21.
413 1875 590 1959 Quaeritur
611 1877 693 1944 inter
714 1877 866 1955 medicos,
889 1878 982 1944 cuius
995 1878 1124 1966 generis
1145 1899 1247 1963 aquae
1269 1878 1334 1942 sint
1348 1892 1378 1934 31

210 1978 407 2044 utilissimae.
445 1976 634 2067 Stagnantis
660 1978 835 2066 pigrasque
861 1979 976 2045 merito
998 1979 1161 2058 damnant,
1190 1979 1335 2044 utiliores

210 2101 293 2164 quae
314 2080 477 2166 profluunt
499 2081 742 2158 existumantes,
758 2136 797 2146 ...
814 2102 910 2147 cursu
927 2080 1011 2146 enim
1026 2103 1247 2167 percussuque
1261 2081 1335 2166 ipso

210 2183 375 2247 extenuari
395 2194 493 2267 atque
513 2183 680 2269 proficere,
696 2237 736 2252 .,
753 2205 856 2269 eoque
877 2183 976 2248 miror
994 2182 1204 2248 cisternarum
1218 2181 1259 2247 ab
1274 2182 1334 2246 ali·

211 2283 284 2368 quis
310 2307 459 2350 maxume
486 2284 625 2370 probari.
662 2281 730 2350 Sed
755 2283 788 2351 hi
816 2285 970 2353 rationem
992 2283 1153 2362 adferrmt,
1183 2283 1334 2367 quoniam

210 2385 374 2450 levissima
395 2387 438 2450 sit
459 2385 609 2451 imbrium
631 2408 725 2471 aqua,
748 2396 784 2448 ut
804 2407 887 2469 quae
910 2385 1017 2451 subire
1038 2385 1179 2472 potuerit
1200 2406 1238 2449 ae
1253 2407 1334 2470 pen-

212 2486 287 2552 dere
309 2487 344 2551 in
365 2510 449 2553 aere.
484 2487 561 2553 Ideo
583 2502 615 2552 et
637 2487 722 2553 nivis
744 2487 930 2575 praeferunt
957 2485 1115 2553 imbribus
1142 2485 1335 2570 nimbusque
1348 2500 1382 2543 32

213 2588 309 2653 etiam
330 2588 477 2674 glaciem,
506 2589 594 2657 velut
615 2590 657 2655 ad
677 2587 838 2654 infinitum
860 2599 971 2654 concta
993 2587 1168 2654 subtilitate
1175 2611 1184 2664 ;
1211 2586 1336 2652 leviora

250 2792 394 2858 Corripide's,
410 2795 467 2848 Vd.
486 2836 517 2845 -
534 2804 597 2860 poa,
609 2798 633 2846 d

246 2865 261 2926 ς
274 2867 315 2914 29.
333 2878 503 2928 quamcunque,
514 2864 549 2914 V.
567 2879 719 2927 quacumque,
730 2864 791 2913 ΒΤ.
808 2878 950 2926 quamque,
961 2867 985 2916 d.
1003 2863 1046 2927 qui
1057 2879 1208 2929 omnemque,
1219 2858 1250 2925 β.
1262 2879 1336 2927 queae-

212 2930 651 3064 iii⁹“⁶’}³l.⁰rl.⁰.'‘vidiiiiii
660 2929 875 3062 liliisiiiidim’
887 2929 1255 3061 vuillibertus
1266 2931 1335 3059 dt]

265 3035 314 3050 ·-
426 3037 433 3062 r
523 3037 529 3050 ·
608 3038 615 3062 a
755 3050 757 3054 »
850 3036 856 3049 ·
872 3040 901 3051 -·
1050 3037 1056 3051 ·
1110 3035 1118 3061 r
1179 3037 1186 3050 ·

1205 3083 1263 3120 dubio

212 3133 326 3186 Gronov.
345 3177 376 3186 ..
395 3136 420 3185 ia
435 3135 550 3189 Euboeae
565 3134 682 3201 Aedepeo,
699 3136 736 3187 ita
751 3151 798 3186 nos
815 3136 969 3200 scripsimus.
992 3134 1018 3184 ia
1032 3133 1146 3185 Euboeae
1161 3133 1222 3196 eade
1235 3150 1289 3199 pro,
1301 3135 1335 3186 R.

212 3201 238 3250 ia
248 3201 360 3253 Euboeae
371 3202 456 3253 aedem
471 3221 527 3268 pro,
542 3207 575 3256 V.
594 3204 620 3253 ia
636 3203 735 3254 Euboea
751 3203 832 3253 mem
845 3220 899 3266 pro,
911 3204 964 3254 Td.
982 3203 1007 3252 in
1019 3201 1154 3264 euboedica,
1165 3200 1239 3267 δρφ.
1258 3203 1284 3254 ia
1295 3218 1335 3250 eu·

213 3269 343 3335 boedebe'ou
356 3269 383 3322 d.
401 3271 426 3323 in
437 3270 524 3322 Eubbc
536 3271 612 3334 dubio,
629 3274 701 3323 codd.
715 3271 823 3323 Salmas.
836 3286 918 3322 exerc.
953 3306 959 3320 .
974 3277 1030 3322 las.
1042 3273 1068 3321 b.
1079 3271 1111 3323 G.
1124 3269 1148 3319 in
1159 3269 1272 3320 Euboeae
1282 3269 1334 3320 De·

213 3337 252 3397 lio,
265 3341 338 3391 codd.
352 3339 409 3391 Gel.
426 3335 477 3404 βγ.
500 3340 525 3389 ia
541 3339 653 3390 Euboeae
668 3339 733 3401 Dio,
750 3339 858 3391 Salmas.
880 3339 905 3388 ia
952 3339 1037 3390 uboem
1052 3339 1152 3389 Dionae
1165 3338 1334 3402 promontorio,

213 3406 327 3458 Gronov.
351 3407 428 3470 Quod
445 3425 492 3458 nos
507 3410 680 3472 reposuimus,
702 3421 784 3472 paene
802 3408 945 3459 necessario
962 3422 995 3458 ex
1011 3407 1052 3457 Β2
1069 3407 1192 3471 seqnitur,
1208 3416 1233 3457 et
1249 3406 1334 3456 fontes

212 3476 287 3525 calidi
297 3476 411 3540 Aedepsi
427 3476 454 3526 in
465 3476 572 3527 Euboea
584 3478 660 3527 etiam
676 3476 778 3527 aliunde
790 3483 849 3526 sant
863 3476 930 3529 noti:
948 3474 1040 3527 Strabo
1054 3481 1077 3525 1.
1093 3491 1118 3539 p.
1132 3480 1173 3525 60.
1186 3479 1211 3525 9.
1227 3490 1252 3538 p.
1266 3479 1334 3535 425,

213 3541 335 3607 Stephon.
348 3544 411 3607 Byr.
423 3560 443 3594 s.
455 3559 488 3606 a,
500 3545 629 3595 Plutarch.
646 3552 742 3608 quaest.
754 3559 865 3608 sympos.
877 3543 926 3593 IV.
938 3547 962 3603 4,
978 3549 1000 3594 l.
1017 3542 1113 3594 Delion
1123 3544 1150 3593 in
1161 3544 1268 3593 Euboea
1278 3542 1335 3592 aliis

212 3611 375 3676 scriptoribus
392 3612 559 3674 incognitum.
585 3614 626 3664 De
643 3611 743 3663 dicendi
763 3625 824 3662 vero
845 3612 944 3662 ratione
964 3610 990 3660 ia
1006 3609 1120 3659 Euboeae
1135 3608 1244 3673 Aedem
1260 3627 1283 3660 v.
1301 3613 1334 3660 ad

213 3685 253 3740 37,
267 3683 307 3730 92.
327 3721 358 3730 -
380 3696 435 3727 nam
469 3695 510 3741 aa,
526 3681 684 3732 VRTK¹d
706 3693 762 3727 aam
778 3694 846 3741 quae,
863 3680 907 3729 K²
924 3676 1009 3741 (codd
1028 3679 1098 3741 Gal.)
1121 3675 1333 3742 eamqueddpp

213 3744 298 3808 (codd.
310 3745 434 3804 Barbari)
442 3696 474 3809 li
491 3789 523 3798 ...
542 3746 615 3810 cadit,
625 3747 738 3801 VRTd.
756 3745 836 3807 alluit,
848 3747 923 3796 codd.
934 3747 1043 3798 Barbari
1054 3755 1079 3796 et
1092 3746 1149 3798 Gal.
1161 3741 1190 3808 β.
1209 3786 1241 3796 ..
1260 3746 1285 3792 ia
1296 3743 1334 3793 al·

213 3813 342 3874 titudinem
360 3817 391 3865 R.
414 3815 438 3863 ia
454 3812 595 3876 altitudiae‘s,
612 3816 645 3866 V.
668 3815 692 3865 ia
708 3812 852 3874 altitudines,
871 3813 984 3864 Gronov.
1002 3815 1054 3864 Td.
1074 3854 1106 3863 ..
1128 3811 1236 3875 diiectae,
1247 3813 1282 3864 V.
1302 3853 1334 3861 -

214 3879 333 3945 lapideae,
345 3884 379 3932 V.
398 3881 497 3946 lapidee,
510 3878 608 3949 Reus.
633 3924 665 3933 ..
679 3882 846 3944 fiaabVRi
866 3922 898 3932 ..
915 3882 1064 3945 qua,RTd.
1082 3897 1117 3941 co,
1129 3881 1163 3932 V.
1186 3881 1211 3930 dr
1228 3897 1287 3944 quo,
1304 3877 1333 3940 β.

212 3947 237 3996 in
249 3949 319 4012 cuod,
331 3952 364 4001 K.
384 3991 415 4001 ...
433 3949 524 4012 latua,
536 3952 582 4001 R'.
596 3992 627 4005 .,
645 3949 733 4011 aelecti,
746 3950 779 3999 V.
798 3989 830 4001 ..
848 3947 947 4013 lepide,
959 3950 1013 4000 ud.
1032 3947 1129 4013 lapidei,
1140 3951 1203 4001 V-T.
1223 3989 1255 4000 -
1274 3946 1334 4012 Scy·

212 4016 293 4078 retica,
309 4020 334 4068 R
350 4017 396 4082 (ex
411 4017 491 4081 corr.)
513 4017 624 4080 Sirete'co,
639 4020 673 4069 V.
696 4016 815 4077 meua,
833 4019 858 4068 d.
883 4057 914 4066 -
937 4032 1088 4080 cusamque,
1100 4018 1134 4067 V.
1154 4058 1186 4067 ...
1203 4031 1288 4077 sacae,
1299 4016 1334 4065 V.
1368 4076 1372 4082 ,

212 4100 278 4145 ease,
291 4087 322 4135 R.
339 4102 435 4144 souma,
448 4087 500 4136 Td.
622 4113 625 4119 ·

247 4155 319 4216 §ab
340 4153 506 4214 Destillaates,
522 4154 634 4203 VRTd.
657 4151 819 4214 Distillaatea
835 4148 865 4214 β.
885 4193 915 4203 ..
937 4160 1010 4216 putta,
1021 4154 1071 4204 R2.
1088 4150 1170 4218 quitis,
1184 4150 1281 4202 VB¹d.
1302 4191 1333 4201 ..

214 4217 301 4283 lapide,
313 4221 410 4272 VR¹d.
429 4220 547 4285 lapideae,
559 4222 608 4272 B'2.
626 4220 651 4270 ia
664 4219 762 4285 dapidus,
773 4215 826 4285 βγ.
844 4261 875 4271 ..
903 4218 991 4269 Caucis
1007 4219 1060 4271 ideo
1075 4235 1139 4281 acm,
1151 4219 1215 4269 VR.
1235 4214 1336 4268 Caleni
1388 4253 1394 4258 -

212 4285 256 4336 deo
267 4304 330 4349 nam,
339 4288 393 4339 Td.
406 4287 544 4351 daravum,-
556 4289 581 4338 in
593 4288 672 4338 catrb
686 4284 790 4353 Goryaia
801 4286 870 4350 idem,
883 4288 951 4338 Pint.
964 4287 1030 4340 Cum
1041 4301 1116 4339 mons
1128 4285 1244 4351 Corycus
1255 4285 1334 4337 etiam
