<?xml version="1.0" encoding="UTF-8"?>
<!DOCTYPE html PUBLIC "-//W3C//DTD XHTML 1.0 Transitional//EN"
    "http://www.w3.org/TR/xhtml1/DTD/xhtml1-transitional.dtd">
<html xmlns="http://www.w3.org/1999/xhtml" xml:lang="en" lang="en">
 <head>
  <title>
</title>
<meta http-equiv="Content-Type" content="text/html;charset=utf-8" />
  <meta name='ocr-system' content='tesseract 3.04.00' />
  <meta name='ocr-capabilities' content='ocr_page ocr_carea ocr_par ocr_line ocrx_word'/>
</head>
<body>
  <div class='ocr_page' id='page_1' title='image "./cplinisecundina10plingoog_0086.png"; bbox 0 0 2918 4800; ppageno 0'>
   <div class='ocr_carea' id='block_1_1' title="bbox 405 281 1268 347">
    <p class='ocr_par' dir='ltr' id='par_1_1' title="bbox 405 281 1268 347">
     <span class='ocr_line' id='line_1_1' title="bbox 405 281 1268 347; baseline -0.002 -1"><span class='ocrx_word' id='word_1_1' title='bbox 405 300 474 346; x_wconf 83' lang='lat' dir='ltr'>ura.</span> <span class='ocrx_word' id='word_1_2' title='bbox 491 299 607 346; x_wconf 77' lang='lat' dir='ltr'>xnr111.</span> <span class='ocrx_word' id='word_1_3' title='bbox 637 299 716 346; x_wconf 74' lang='lat' dir='ltr'>cnr.</span> <span class='ocrx_word' id='word_1_4' title='bbox 732 299 781 346; x_wconf 86' lang='lat' dir='ltr'>xr.</span> <span class='ocrx_word' id='word_1_5' title='bbox 811 297 910 347; x_wconf 81' lang='lat' dir='ltr'>sacr.</span> <span class='ocrx_word' id='word_1_6' title='bbox 925 299 1008 344; x_wconf 62' lang='lat' dir='ltr'>scae.</span> <span class='ocrx_word' id='word_1_7' title='bbox 1228 281 1268 345; x_wconf 80' lang='lat'>75</span> 
     </span>
    </p>
   </div>
   <div class='ocr_carea' id='block_1_2' title="bbox 145 449 1316 2777">
    <p class='ocr_par' dir='ltr' id='par_1_2' title="bbox 146 449 1314 1251">
     <span class='ocr_line' id='line_1_2' title="bbox 147 449 1267 538; baseline -0.005 -19"><span class='ocrx_word' id='word_1_8' title='bbox 147 453 311 520; x_wconf 80' lang='lat' dir='ltr'>cauliculis</span> <span class='ocrx_word' id='word_1_9' title='bbox 326 452 488 530; x_wconf 89' lang='lat' dir='ltr'>brevibus,</span> <span class='ocrx_word' id='word_1_10' title='bbox 512 474 594 538; x_wconf 92' lang='lat' dir='ltr'>quae</span> <span class='ocrx_word' id='word_1_11' title='bbox 609 451 730 518; x_wconf 87' lang='lat' dir='ltr'>taenias</span> <span class='ocrx_word' id='word_1_12' title='bbox 751 451 842 538; x_wconf 92' lang='lat' dir='ltr'>pellit</span> <span class='ocrx_word' id='word_1_13' title='bbox 862 460 895 515; x_wconf 92' lang='lat' dir='ltr'>et</span> <span class='ocrx_word' id='word_1_14' title='bbox 916 451 1021 515; x_wconf 83' lang='lat' dir='ltr'><strong>frutex</strong></span> <span class='ocrx_word' id='word_1_15' title='bbox 1038 449 1193 516; x_wconf 89' lang='lat' dir='ltr'>coriarius</span> <span class='ocrx_word' id='word_1_16' title='bbox 1208 472 1267 537; x_wconf 92' lang='lat' dir='ltr'>ap·</span> 
     </span>
     <span class='ocr_line' id='line_1_3' title="bbox 146 551 1268 642; baseline -0.005 -21"><span class='ocrx_word' id='word_1_17' title='bbox 146 555 292 642; x_wconf 80' lang='lat' dir='ltr'>pellatur,</span> <span class='ocrx_word' id='word_1_18' title='bbox 315 554 501 632; x_wconf 90' lang='lat' dir='ltr'>subrutilus,</span> <span class='ocrx_word' id='word_1_19' title='bbox 524 553 682 631; x_wconf 89' lang='lat' dir='ltr'>cubitalis,</span> <span class='ocrx_word' id='word_1_20' title='bbox 705 551 915 619; x_wconf 85' lang='lat' dir='ltr'>crassitudine</span> <span class='ocrx_word' id='word_1_21' title='bbox 929 552 1065 638; x_wconf 86' lang='lat' dir='ltr'>digitali,</span> <span class='ocrx_word' id='word_1_22' title='bbox 1089 552 1181 619; x_wconf 84' lang='lat' dir='ltr'>cuius</span> <span class='ocrx_word' id='word_1_23' title='bbox 1204 551 1268 617; x_wconf 92' lang='lat' dir='ltr'>ari-</span> 
     </span>
     <span class='ocr_line' id='line_1_4' title="bbox 146 652 1314 741; baseline -0.008 -18"><span class='ocrx_word' id='word_1_24' title='bbox 146 658 197 723; x_wconf 91' lang='lat' dir='ltr'>dis</span> <span class='ocrx_word' id='word_1_25' title='bbox 217 656 301 722; x_wconf 87' lang='lat' dir='ltr'>foliis</span> <span class='ocrx_word' id='word_1_26' title='bbox 322 667 360 721; x_wconf 90' lang='lat' dir='ltr'>ut</span> <span class='ocrx_word' id='word_1_27' title='bbox 373 656 535 722; x_wconf 83' lang='lat' dir='ltr'>malicorio</span> <span class='ocrx_word' id='word_1_28' title='bbox 551 655 638 723; x_wconf 82' lang='lat' dir='ltr'>coria</span> <span class='ocrx_word' id='word_1_29' title='bbox 651 654 870 741; x_wconf 83' lang='lat' dir='ltr'>perficiuntur.</span> <span class='ocrx_word' id='word_1_30' title='bbox 892 652 1014 719; x_wconf 90' lang='lat' dir='ltr'>Medici</span> <span class='ocrx_word' id='word_1_31' title='bbox 1028 665 1136 720; x_wconf 86' lang='lat' dir='ltr'>autem</span> <span class='ocrx_word' id='word_1_32' title='bbox 1151 653 1268 720; x_wconf 75' lang='lat' dir='ltr'>rhoicis</span> <span class='ocrx_word' id='word_1_33' title='bbox 1282 669 1314 715; x_wconf 81' lang='lat' dir='ltr'>aa</span> 
     </span>
     <span class='ocr_line' id='line_1_5' title="bbox 146 756 1268 839; baseline -0.004 -15"><span class='ocrx_word' id='word_1_34' title='bbox 146 770 281 824; x_wconf 90' lang='lat' dir='ltr'>utuntur</span> <span class='ocrx_word' id='word_1_35' title='bbox 303 756 345 822; x_wconf 88' lang='lat' dir='ltr'>ad</span> <span class='ocrx_word' id='word_1_36' title='bbox 366 768 531 837; x_wconf 80' lang='lat' dir='ltr'>contunsa,</span> <span class='ocrx_word' id='word_1_37' title='bbox 554 757 631 823; x_wconf 91' lang='lat' dir='ltr'>item</span> <span class='ocrx_word' id='word_1_38' title='bbox 655 756 809 823; x_wconf 80' lang='lat' dir='ltr'>coeliacos</span> <span class='ocrx_word' id='word_1_39' title='bbox 832 767 864 820; x_wconf 89' lang='lat' dir='ltr'>et</span> <span class='ocrx_word' id='word_1_40' title='bbox 885 756 971 822; x_wconf 87' lang='lat' dir='ltr'>sedis</span> <span class='ocrx_word' id='word_1_41' title='bbox 993 756 1102 821; x_wconf 87' lang='lat' dir='ltr'>ulcera</span> <span class='ocrx_word' id='word_1_42' title='bbox 1116 768 1172 821; x_wconf 90' lang='lat' dir='ltr'>aut</span> <span class='ocrx_word' id='word_1_43' title='bbox 1186 777 1268 839; x_wconf 92' lang='lat' dir='ltr'>quae</span> 
     </span>
     <span class='ocr_line' id='line_1_6' title="bbox 146 857 1267 949; baseline -0.004 -24"><span class='ocrx_word' id='word_1_44' title='bbox 146 861 371 949; x_wconf 82' lang='lat' dir='ltr'>phagedaenas</span> <span class='ocrx_word' id='word_1_45' title='bbox 400 870 531 937; x_wconf 89' lang='lat' dir='ltr'>vocant,</span> <span class='ocrx_word' id='word_1_46' title='bbox 564 860 638 924; x_wconf 86' lang='lat' dir='ltr'>trita</span> <span class='ocrx_word' id='word_1_47' title='bbox 666 881 739 924; x_wconf 93' lang='lat' dir='ltr'>cum</span> <span class='ocrx_word' id='word_1_48' title='bbox 765 857 857 923; x_wconf 86' lang='lat' dir='ltr'>melle</span> <span class='ocrx_word' id='word_1_49' title='bbox 885 872 918 923; x_wconf 92' lang='lat' dir='ltr'>et</span> <span class='ocrx_word' id='word_1_50' title='bbox 941 858 1034 924; x_wconf 90' lang='lat' dir='ltr'>inlita</span> <span class='ocrx_word' id='word_1_51' title='bbox 1058 881 1133 924; x_wconf 93' lang='lat' dir='ltr'>cum</span> <span class='ocrx_word' id='word_1_52' title='bbox 1158 867 1267 934; x_wconf 90' lang='lat' dir='ltr'>aceto;</span> 
     </span>
     <span class='ocr_line' id='line_1_7' title="bbox 147 960 1268 1046; baseline -0.004 -19"><span class='ocrx_word' id='word_1_53' title='bbox 147 963 315 1029; x_wconf 88' lang='lat' dir='ltr'>decoctum</span> <span class='ocrx_word' id='word_1_54' title='bbox 337 984 448 1028; x_wconf 92' lang='lat' dir='ltr'>eorum</span> <span class='ocrx_word' id='word_1_55' title='bbox 467 961 640 1028; x_wconf 88' lang='lat' dir='ltr'>instillatur</span> <span class='ocrx_word' id='word_1_56' title='bbox 662 960 794 1026; x_wconf 89' lang='lat' dir='ltr'>auribus</span> <span class='ocrx_word' id='word_1_57' title='bbox 809 960 997 1046; x_wconf 88' lang='lat' dir='ltr'>purulentis.</span> <span class='ocrx_word' id='word_1_58' title='bbox 1019 960 1075 1024; x_wconf 80' lang='lat' dir='ltr'>Fit</span> <span class='ocrx_word' id='word_1_59' title='bbox 1096 971 1128 1025; x_wconf 91' lang='lat' dir='ltr'>et</span> <span class='ocrx_word' id='word_1_60' title='bbox 1150 970 1268 1024; x_wconf 89' lang='lat' dir='ltr'>stoma-</span> 
     </span>
     <span class='ocr_line' id='line_1_8' title="bbox 148 1060 1270 1148; baseline -0.004 -20"><span class='ocrx_word' id='word_1_61' title='bbox 148 1064 210 1130; x_wconf 85' lang='lat' dir='ltr'>tice</span> <span class='ocrx_word' id='word_1_62' title='bbox 232 1063 373 1129; x_wconf 84' lang='lat' dir='ltr'>decoctis</span> <span class='ocrx_word' id='word_1_63' title='bbox 393 1062 491 1128; x_wconf 87' lang='lat' dir='ltr'>ramis</span> <span class='ocrx_word' id='word_1_64' title='bbox 511 1064 554 1128; x_wconf 90' lang='lat' dir='ltr'>ad</span> <span class='ocrx_word' id='word_1_65' title='bbox 576 1064 688 1129; x_wconf 89' lang='lat' dir='ltr'>eadem</span> <span class='ocrx_word' id='word_1_66' title='bbox 708 1085 793 1148; x_wconf 89' lang='lat' dir='ltr'>quae</span> <span class='ocrx_word' id='word_1_67' title='bbox 815 1086 856 1128; x_wconf 88' lang='lat' dir='ltr'>ex</span> <span class='ocrx_word' id='word_1_68' title='bbox 883 1062 993 1140; x_wconf 90' lang='lat' dir='ltr'>moris,</span> <span class='ocrx_word' id='word_1_69' title='bbox 1022 1061 1080 1127; x_wconf 92' lang='lat' dir='ltr'>sed</span> <span class='ocrx_word' id='word_1_70' title='bbox 1106 1060 1270 1126; x_wconf 83' lang='lat' dir='ltr'>efficacior</span> 
     </span>
     <span class='ocr_line' id='line_1_9' title="bbox 147 1164 1183 1251; baseline -0.005 -19"><span class='ocrx_word' id='word_1_71' title='bbox 147 1167 289 1232; x_wconf 88' lang='lat' dir='ltr'>admixto</span> <span class='ocrx_word' id='word_1_72' title='bbox 311 1164 464 1243; x_wconf 86' lang='lat' dir='ltr'>alumine3</span> <span class='ocrx_word' id='word_1_73' title='bbox 487 1165 632 1231; x_wconf 90' lang='lat' dir='ltr'>inlinitur</span> <span class='ocrx_word' id='word_1_74' title='bbox 652 1165 763 1230; x_wconf 89' lang='lat' dir='ltr'>eadem</span> <span class='ocrx_word' id='word_1_75' title='bbox 785 1164 1034 1251; x_wconf 86' lang='lat' dir='ltr'>hydropicorum</span> <span class='ocrx_word' id='word_1_76' title='bbox 1056 1165 1183 1228; x_wconf 90' lang='lat' dir='ltr'>tumori.</span> 
     </span>
    </p>

    <p class='ocr_par' dir='ltr' id='par_1_3' title="bbox 146 1263 1314 1944">
     <span class='ocr_line' id='line_1_10' title="bbox 189 1263 1314 1354; baseline -0.008 -20"><span class='ocrx_word' id='word_1_77' title='bbox 189 1269 240 1334; x_wconf 95' lang='grc'>55.</span> <span class='ocrx_word' id='word_1_78' title='bbox 262 1267 355 1331; x_wconf 88' lang='lat' dir='ltr'>Rhus</span> <span class='ocrx_word' id='word_1_79' title='bbox 377 1267 433 1350; x_wconf 91' lang='lat' dir='ltr'>qui</span> <span class='ocrx_word' id='word_1_80' title='bbox 455 1266 601 1351; x_wconf 87' lang='lat' dir='ltr'>erythros</span> <span class='ocrx_word' id='word_1_81' title='bbox 623 1267 803 1354; x_wconf 86' lang='lat' dir='ltr'>appellatur</span> <span class='ocrx_word' id='word_1_82' title='bbox 823 1288 932 1332; x_wconf 91' lang='lat' dir='ltr'>semen</span> <span class='ocrx_word' id='word_1_83' title='bbox 955 1278 1004 1332; x_wconf 92' lang='lat' dir='ltr'>est</span> <span class='ocrx_word' id='word_1_84' title='bbox 1025 1266 1121 1331; x_wconf 93' lang='lat' dir='ltr'>huius</span> <span class='ocrx_word' id='word_1_85' title='bbox 1135 1263 1269 1329; x_wconf 63' lang='lat' dir='ltr'>fruticist</span> <span class='ocrx_word' id='word_1_86' title='bbox 1282 1281 1314 1326; x_wconf 85' lang='lat' dir='ltr'>aa</span> 
     </span>
     <span class='ocr_line' id='line_1_11' title="bbox 148 1366 1269 1456; baseline -0.004 -21"><span class='ocrx_word' id='word_1_87' title='bbox 148 1367 225 1435; x_wconf 90' lang='lat' dir='ltr'>Vim</span> <span class='ocrx_word' id='word_1_88' title='bbox 246 1369 342 1435; x_wconf 88' lang='lat' dir='ltr'>habet</span> <span class='ocrx_word' id='word_1_89' title='bbox 364 1368 583 1456; x_wconf 83' lang='lat' dir='ltr'>adstringendi</span> <span class='ocrx_word' id='word_1_90' title='bbox 596 1369 884 1455; x_wconf 86' lang='lat' dir='ltr'>refrigerandique,</span> <span class='ocrx_word' id='word_1_91' title='bbox 907 1367 1112 1455; x_wconf 85' lang='lat' dir='ltr'>adspergitur</span> <span class='ocrx_word' id='word_1_92' title='bbox 1126 1388 1186 1453; x_wconf 92' lang='lat' dir='ltr'>pro</span> <span class='ocrx_word' id='word_1_93' title='bbox 1203 1366 1269 1431; x_wconf 89' lang='lat' dir='ltr'>sale</span> 
     </span>
     <span class='ocr_line' id='line_1_12' title="bbox 147 1467 1269 1555; baseline -0.003 -19"><span class='ocrx_word' id='word_1_94' title='bbox 147 1471 301 1555; x_wconf 89' lang='lat' dir='ltr'>opsoniis,</span> <span class='ocrx_word' id='word_1_95' title='bbox 324 1471 429 1536; x_wconf 88' lang='lat' dir='ltr'>alvom</span> <span class='ocrx_word' id='word_1_96' title='bbox 452 1471 546 1535; x_wconf 92' lang='lat' dir='ltr'>solvit</span> <span class='ocrx_word' id='word_1_97' title='bbox 566 1470 733 1555; x_wconf 90' lang='lat' dir='ltr'>omnisque</span> <span class='ocrx_word' id='word_1_98' title='bbox 754 1471 859 1536; x_wconf 90' lang='lat' dir='ltr'>carnis</span> <span class='ocrx_word' id='word_1_99' title='bbox 882 1493 956 1536; x_wconf 90' lang='lat' dir='ltr'>cum</span> <span class='ocrx_word' id='word_1_100' title='bbox 970 1470 1086 1555; x_wconf 89' lang='lat' dir='ltr'>silphio</span> <span class='ocrx_word' id='word_1_101' title='bbox 1103 1467 1269 1534; x_wconf 83' lang='lat' dir='ltr'>suaviores</span> 
     </span>
     <span class='ocr_line' id='line_1_13' title="bbox 147 1570 1269 1656; baseline -0.003 -18"><span class='ocrx_word' id='word_1_102' title='bbox 147 1571 239 1651; x_wconf 83' lang='lat' dir='ltr'>facit,</span> <span class='ocrx_word' id='word_1_103' title='bbox 267 1571 413 1637; x_wconf 92' lang='lat' dir='ltr'>medetur</span> <span class='ocrx_word' id='word_1_104' title='bbox 439 1570 601 1636; x_wconf 88' lang='lat' dir='ltr'>ulceribus</span> <span class='ocrx_word' id='word_1_105' title='bbox 630 1572 834 1637; x_wconf 84' lang='lat' dir='ltr'>manantibus</span> <span class='ocrx_word' id='word_1_106' title='bbox 862 1595 936 1636; x_wconf 93' lang='lat' dir='ltr'>cum</span> <span class='ocrx_word' id='word_1_107' title='bbox 963 1571 1073 1650; x_wconf 92' lang='lat' dir='ltr'>melle,</span> <span class='ocrx_word' id='word_1_108' title='bbox 1103 1570 1269 1656; x_wconf 83' lang='lat' dir='ltr'>asperitati</span> 
     </span>
     <span class='ocr_line' id='line_1_14' title="bbox 146 1671 1268 1762; baseline 0 -25"><span class='ocrx_word' id='word_1_109' title='bbox 146 1673 287 1762; x_wconf 81' lang='lat' dir='ltr'>linguae,</span> <span class='ocrx_word' id='word_1_110' title='bbox 310 1672 482 1761; x_wconf 90' lang='lat' dir='ltr'>percussis,</span> <span class='ocrx_word' id='word_1_111' title='bbox 503 1672 622 1751; x_wconf 86' lang='lat' dir='ltr'>lividis,</span> <span class='ocrx_word' id='word_1_112' title='bbox 648 1672 866 1758; x_wconf 78' lang='lat' dir='ltr'>desquamatis</span> <span class='ocrx_word' id='word_1_113' title='bbox 888 1673 1001 1739; x_wconf 93' lang='lat' dir='ltr'>eodem</span> <span class='ocrx_word' id='word_1_114' title='bbox 1021 1673 1128 1751; x_wconf 88' lang='lat' dir='ltr'>modo,</span> <span class='ocrx_word' id='word_1_115' title='bbox 1152 1671 1268 1759; x_wconf 90' lang='lat' dir='ltr'>capitis</span> 
     </span>
     <span class='ocr_line' id='line_1_15' title="bbox 146 1773 1268 1863; baseline -0.002 -22"><span class='ocrx_word' id='word_1_116' title='bbox 146 1777 254 1841; x_wconf 90' lang='lat' dir='ltr'>ulcera</span> <span class='ocrx_word' id='word_1_117' title='bbox 273 1776 317 1840; x_wconf 91' lang='lat' dir='ltr'>ad</span> <span class='ocrx_word' id='word_1_118' title='bbox 338 1774 517 1841; x_wconf 87' lang='lat' dir='ltr'>cicatricem</span> <span class='ocrx_word' id='word_1_119' title='bbox 539 1775 703 1840; x_wconf 86' lang='lat' dir='ltr'>celerrime</span> <span class='ocrx_word' id='word_1_120' title='bbox 718 1774 874 1863; x_wconf 90' lang='lat' dir='ltr'>perducit,</span> <span class='ocrx_word' id='word_1_121' title='bbox 896 1774 1087 1840; x_wconf 83' lang='lat' dir='ltr'>feminarum</span> <span class='ocrx_word' id='word_1_122' title='bbox 1101 1773 1268 1841; x_wconf 88' lang='lat' dir='ltr'>abundan-</span> 
     </span>
     <span class='ocr_line' id='line_1_16' title="bbox 147 1876 436 1944; baseline -0.003 -1"><span class='ocrx_word' id='word_1_123' title='bbox 147 1879 225 1943; x_wconf 86' lang='lat' dir='ltr'>tiam</span> <span class='ocrx_word' id='word_1_124' title='bbox 247 1877 332 1944; x_wconf 85' lang='lat' dir='ltr'>sistit</span> <span class='ocrx_word' id='word_1_125' title='bbox 354 1876 436 1942; x_wconf 89' lang='lat' dir='ltr'>cibo.</span> 
     </span>
    </p>

    <p class='ocr_par' dir='ltr' id='par_1_4' title="bbox 145 1977 1316 2777">
     <span class='ocr_line' id='line_1_17' title="bbox 189 1977 1316 2064; baseline -0.006 -19"><span class='ocrx_word' id='word_1_126' title='bbox 189 1981 240 2045; x_wconf 90' lang='grc'>56.</span> <span class='ocrx_word' id='word_1_127' title='bbox 269 1979 346 2044; x_wconf 88' lang='lat' dir='ltr'>Alia</span> <span class='ocrx_word' id='word_1_128' title='bbox 366 2001 419 2044; x_wconf 91' lang='lat' dir='ltr'>res</span> <span class='ocrx_word' id='word_1_129' title='bbox 440 1979 674 2063; x_wconf 87' lang='lat' dir='ltr'>erythrodanus</span> <span class='ocrx_word' id='word_1_130' title='bbox 696 2001 793 2064; x_wconf 92' lang='lat' dir='ltr'>quam</span> <span class='ocrx_word' id='word_1_131' title='bbox 814 1978 914 2063; x_wconf 90' lang='lat' dir='ltr'>aliqui</span> <span class='ocrx_word' id='word_1_132' title='bbox 936 1977 1188 2044; x_wconf 89' lang='lat' dir='ltr'>ereuthodanum</span> <span class='ocrx_word' id='word_1_133' title='bbox 1210 1999 1269 2042; x_wconf 89' lang='lat' dir='ltr'>vc·</span> <span class='ocrx_word' id='word_1_134' title='bbox 1283 1992 1316 2038; x_wconf 77' lang='lat'>94</span> 
     </span>
     <span class='ocr_line' id='line_1_18' title="bbox 147 2079 1268 2168; baseline -0.002 -24"><span class='ocrx_word' id='word_1_135' title='bbox 147 2089 229 2158; x_wconf 85' lang='lat' dir='ltr'>cant,</span> <span class='ocrx_word' id='word_1_136' title='bbox 250 2102 310 2145; x_wconf 92' lang='lat' dir='ltr'>nos</span> <span class='ocrx_word' id='word_1_137' title='bbox 331 2079 468 2158; x_wconf 91' lang='lat' dir='ltr'>rubiam,</span> <span class='ocrx_word' id='word_1_138' title='bbox 489 2102 553 2164; x_wconf 93' lang='lat' dir='ltr'>qua</span> <span class='ocrx_word' id='word_1_139' title='bbox 575 2083 742 2168; x_wconf 86' lang='lat' dir='ltr'>tinguntur</span> <span class='ocrx_word' id='word_1_140' title='bbox 756 2082 847 2146; x_wconf 89' lang='lat' dir='ltr'>lanae</span> <span class='ocrx_word' id='word_1_141' title='bbox 867 2081 1029 2167; x_wconf 87' lang='lat' dir='ltr'>pellesque</span> <span class='ocrx_word' id='word_1_142' title='bbox 1043 2079 1268 2166; x_wconf 82' lang='lat' dir='ltr'>perficiuntur3</span> 
     </span>
     <span class='ocr_line' id='line_1_19' title="bbox 146 2181 1270 2269; baseline -0.002 -23"><span class='ocrx_word' id='word_1_143' title='bbox 146 2182 181 2246; x_wconf 92' lang='lat' dir='ltr'>in</span> <span class='ocrx_word' id='word_1_144' title='bbox 206 2181 363 2248; x_wconf 89' lang='lat' dir='ltr'>medicina</span> <span class='ocrx_word' id='word_1_145' title='bbox 389 2181 513 2246; x_wconf 92' lang='lat' dir='ltr'>urinam</span> <span class='ocrx_word' id='word_1_146' title='bbox 538 2181 615 2260; x_wconf 93' lang='lat' dir='ltr'>ciet,</span> <span class='ocrx_word' id='word_1_147' title='bbox 652 2181 798 2247; x_wconf 92' lang='lat' dir='ltr'>morbum</span> <span class='ocrx_word' id='word_1_148' title='bbox 832 2181 958 2269; x_wconf 86' lang='lat' dir='ltr'>regium</span> <span class='ocrx_word' id='word_1_149' title='bbox 992 2190 1083 2246; x_wconf 89' lang='lat' dir='ltr'>sanat</span> <span class='ocrx_word' id='word_1_150' title='bbox 1111 2203 1153 2245; x_wconf 90' lang='lat' dir='ltr'>ex</span> <span class='ocrx_word' id='word_1_151' title='bbox 1186 2200 1270 2264; x_wconf 89' lang='lat' dir='ltr'>aqua</span> 
     </span>
     <span class='ocr_line' id='line_1_20' title="bbox 146 2281 1268 2367; baseline 0 -20"><span class='ocrx_word' id='word_1_152' title='bbox 146 2284 250 2349; x_wconf 90' lang='lat' dir='ltr'>mulsa</span> <span class='ocrx_word' id='word_1_153' title='bbox 271 2294 303 2348; x_wconf 94' lang='lat' dir='ltr'>et</span> <span class='ocrx_word' id='word_1_154' title='bbox 323 2283 469 2348; x_wconf 90' lang='lat' dir='ltr'>lichenas</span> <span class='ocrx_word' id='word_1_155' title='bbox 491 2306 531 2348; x_wconf 86' lang='lat' dir='ltr'>ex</span> <span class='ocrx_word' id='word_1_156' title='bbox 553 2294 645 2349; x_wconf 91' lang='lat' dir='ltr'>aceto</span> <span class='ocrx_word' id='word_1_157' title='bbox 666 2284 757 2350; x_wconf 90' lang='lat' dir='ltr'>inlita</span> <span class='ocrx_word' id='word_1_158' title='bbox 777 2294 810 2348; x_wconf 94' lang='lat' dir='ltr'>et</span> <span class='ocrx_word' id='word_1_159' title='bbox 835 2283 1036 2360; x_wconf 86' lang='lat' dir='ltr'>ischiadicos,</span> <span class='ocrx_word' id='word_1_160' title='bbox 1063 2281 1268 2367; x_wconf 87' lang='lat' dir='ltr'>paralyticos,</span> 
     </span>
     <span class='ocr_line' id='line_1_21' title="bbox 146 2382 1270 2468; baseline -0.003 -19"><span class='ocrx_word' id='word_1_161' title='bbox 146 2386 192 2449; x_wconf 91' lang='lat' dir='ltr'>ita</span> <span class='ocrx_word' id='word_1_162' title='bbox 216 2395 254 2449; x_wconf 93' lang='lat' dir='ltr'>ut</span> <span class='ocrx_word' id='word_1_163' title='bbox 282 2384 429 2450; x_wconf 91' lang='lat' dir='ltr'>bibentes</span> <span class='ocrx_word' id='word_1_164' title='bbox 455 2387 602 2449; x_wconf 87' lang='lat' dir='ltr'>laventur</span> <span class='ocrx_word' id='word_1_165' title='bbox 632 2385 758 2451; x_wconf 89' lang='lat' dir='ltr'>cotidie.</span> <span class='ocrx_word' id='word_1_166' title='bbox 796 2384 903 2448; x_wconf 87' lang='lat' dir='ltr'>Radix</span> <span class='ocrx_word' id='word_1_167' title='bbox 936 2405 1107 2468; x_wconf 89' lang='lat' dir='ltr'>semenque</span> <span class='ocrx_word' id='word_1_168' title='bbox 1140 2382 1270 2447; x_wconf 88' lang='lat' dir='ltr'>trahunt</span> 
     </span>
     <span class='ocr_line' id='line_1_22' title="bbox 145 2482 1267 2563; baseline -0.004 -13"><span class='ocrx_word' id='word_1_169' title='bbox 145 2508 284 2563; x_wconf 88' lang='lat' dir='ltr'>menses,</span> <span class='ocrx_word' id='word_1_170' title='bbox 304 2486 410 2552; x_wconf 90' lang='lat' dir='ltr'>alvom</span> <span class='ocrx_word' id='word_1_171' title='bbox 432 2485 549 2550; x_wconf 91' lang='lat' dir='ltr'>sistunt</span> <span class='ocrx_word' id='word_1_172' title='bbox 571 2496 603 2552; x_wconf 93' lang='lat' dir='ltr'>et</span> <span class='ocrx_word' id='word_1_173' title='bbox 623 2486 827 2552; x_wconf 86' lang='lat' dir='ltr'>collectiones</span> <span class='ocrx_word' id='word_1_174' title='bbox 848 2486 1033 2550; x_wconf 90' lang='lat' dir='ltr'>discutiunt.</span> <span class='ocrx_word' id='word_1_175' title='bbox 1055 2482 1176 2550; x_wconf 88' lang='lat' dir='ltr'>Contra</span> <span class='ocrx_word' id='word_1_176' title='bbox 1199 2505 1267 2548; x_wconf 92' lang='lat' dir='ltr'>ser-</span> 
     </span>
     <span class='ocr_line' id='line_1_23' title="bbox 145 2585 1267 2675; baseline -0.004 -22"><span class='ocrx_word' id='word_1_177' title='bbox 145 2589 250 2674; x_wconf 90' lang='lat' dir='ltr'>pentis</span> <span class='ocrx_word' id='word_1_178' title='bbox 271 2587 352 2652; x_wconf 90' lang='lat' dir='ltr'>rami</span> <span class='ocrx_word' id='word_1_179' title='bbox 374 2609 447 2652; x_wconf 92' lang='lat' dir='ltr'>cum</span> <span class='ocrx_word' id='word_1_180' title='bbox 468 2587 553 2652; x_wconf 87' lang='lat' dir='ltr'>foliis</span> <span class='ocrx_word' id='word_1_181' title='bbox 569 2588 784 2675; x_wconf 85' lang='lat' dir='ltr'>inponuntur3</span> <span class='ocrx_word' id='word_1_182' title='bbox 807 2587 885 2652; x_wconf 79' lang='lat' dir='ltr'>folia</span> <span class='ocrx_word' id='word_1_183' title='bbox 898 2598 932 2652; x_wconf 90' lang='lat' dir='ltr'>et</span> <span class='ocrx_word' id='word_1_184' title='bbox 945 2587 1097 2675; x_wconf 87' lang='lat' dir='ltr'>capillum</span> <span class='ocrx_word' id='word_1_185' title='bbox 1110 2585 1267 2651; x_wconf 87' lang='lat' dir='ltr'>inficiunt.</span> 
     </span>
     <span class='ocr_line' id='line_1_24' title="bbox 145 2687 1268 2777; baseline -0.003 -23"><span class='ocrx_word' id='word_1_186' title='bbox 145 2689 279 2754; x_wconf 85' lang='lat' dir='ltr'>Invenio</span> <span class='ocrx_word' id='word_1_187' title='bbox 301 2688 389 2774; x_wconf 89' lang='lat' dir='ltr'>apud</span> <span class='ocrx_word' id='word_1_188' title='bbox 416 2689 572 2772; x_wconf 86' lang='lat' dir='ltr'>quosdam</span> <span class='ocrx_word' id='word_1_189' title='bbox 598 2691 745 2756; x_wconf 91' lang='lat' dir='ltr'>morbum</span> <span class='ocrx_word' id='word_1_190' title='bbox 771 2689 897 2777; x_wconf 85' lang='lat' dir='ltr'>regium</span> <span class='ocrx_word' id='word_1_191' title='bbox 926 2689 1031 2755; x_wconf 90' lang='lat' dir='ltr'>sanari</span> <span class='ocrx_word' id='word_1_192' title='bbox 1059 2687 1120 2754; x_wconf 91' lang='lat' dir='ltr'>hoc</span> <span class='ocrx_word' id='word_1_193' title='bbox 1140 2687 1268 2765; x_wconf 85' lang='lat' dir='ltr'>frutice,</span> 
     </span>
    </p>
   </div>
   <div class='ocr_carea' id='block_1_3' title="bbox 146 2788 795 2877">
    <p class='ocr_par' dir='ltr' id='par_1_5' title="bbox 146 2788 795 2877">
     <span class='ocr_line' id='line_1_25' title="bbox 146 2788 795 2877; baseline 0.003 -23"><span class='ocrx_word' id='word_1_194' title='bbox 146 2788 272 2854; x_wconf 88' lang='lat' dir='ltr'>etiamsi</span> <span class='ocrx_word' id='word_1_195' title='bbox 293 2790 455 2877; x_wconf 84' lang='lat' dir='ltr'>adligatus</span> <span class='ocrx_word' id='word_1_196' title='bbox 478 2799 640 2876; x_wconf 91' lang='lat' dir='ltr'>spectetur</span> <span class='ocrx_word' id='word_1_197' title='bbox 661 2801 795 2857; x_wconf 88' lang='lat' dir='ltr'>tantum.</span> 
     </span>
    </p>
   </div>
   <div class='ocr_carea' id='block_1_4' title="bbox 139 2991 1270 4350">
    <p class='ocr_par' dir='ltr' id='par_1_6' title="bbox 145 2991 1270 3400">
     <span class='ocr_line' id='line_1_26' title="bbox 146 2991 1269 3067; baseline 0.002 -20"><span class='ocrx_word' id='word_1_198' title='bbox 146 2997 259 3059; x_wconf 64' lang='lat' dir='ltr'>inlitas.</span> <span class='ocrx_word' id='word_1_199' title='bbox 285 2996 377 3061; x_wconf 80' lang='lat' dir='ltr'>intrito,</span> <span class='ocrx_word' id='word_1_200' title='bbox 392 2991 505 3049; x_wconf 71' lang='lat' dir='ltr'>OVTd.</span> <span class='ocrx_word' id='word_1_201' title='bbox 532 2997 702 3062; x_wconf 73' lang='lat' dir='ltr'>etillu&#39;tr&#39;s,K².</span> <span class='ocrx_word' id='word_1_202' title='bbox 726 3001 776 3063; x_wconf 88' lang='lat' dir='ltr'>Qui</span> <span class='ocrx_word' id='word_1_203' title='bbox 793 3002 1013 3067; x_wconf 82' lang='lat' dir='ltr'>interpolationem</span> <span class='ocrx_word' id='word_1_204' title='bbox 1030 3003 1068 3051; x_wconf 84' lang='lat' dir='ltr'>K¹</span> <span class='ocrx_word' id='word_1_205' title='bbox 1086 2999 1211 3065; x_wconf 84' lang='lat' dir='ltr'>procudit,</span> <span class='ocrx_word' id='word_1_206' title='bbox 1228 2997 1269 3049; x_wconf 91' lang='lat' dir='ltr'>bis</span> 
     </span>
     <span class='ocr_line' id='line_1_27' title="bbox 145 3066 1270 3135; baseline 0.001 -20"><span class='ocrx_word' id='word_1_207' title='bbox 145 3067 173 3117; x_wconf 91' lang='lat' dir='ltr'>in</span> <span class='ocrx_word' id='word_1_208' title='bbox 183 3067 265 3118; x_wconf 88' lang='lat' dir='ltr'>verbis</span> <span class='ocrx_word' id='word_1_209' title='bbox 281 3067 452 3131; x_wconf 80' lang='lat' dir='ltr'>corruptelam</span> <span class='ocrx_word' id='word_1_210' title='bbox 468 3068 550 3119; x_wconf 88' lang='lat' dir='ltr'>inesse</span> <span class='ocrx_word' id='word_1_211' title='bbox 565 3069 702 3133; x_wconf 70' lang='lat' dir='ltr'>perspexit,</span> <span class='ocrx_word' id='word_1_212' title='bbox 718 3084 776 3120; x_wconf 87' lang='lat' dir='ltr'>cum</span> <span class='ocrx_word' id='word_1_213' title='bbox 792 3085 876 3134; x_wconf 89' lang='lat' dir='ltr'>neque</span> <span class='ocrx_word' id='word_1_214' title='bbox 888 3086 961 3121; x_wconf 86' lang='lat' dir='ltr'>ossus</span> <span class='ocrx_word' id='word_1_215' title='bbox 972 3070 1162 3135; x_wconf 80' lang='lat' dir='ltr'>participiorum</span> <span class='ocrx_word' id='word_1_216' title='bbox 1175 3066 1233 3115; x_wconf 81' lang='lat' dir='ltr'>trita</span> <span class='ocrx_word' id='word_1_217' title='bbox 1244 3073 1270 3116; x_wconf 87' lang='lat' dir='ltr'>et</span> 
     </span>
     <span class='ocr_line' id='line_1_28' title="bbox 145 3131 1270 3203; baseline -0.002 -20"><span class='ocrx_word' id='word_1_218' title='bbox 145 3132 215 3183; x_wconf 74' lang='lat' dir='ltr'>italico</span> <span class='ocrx_word' id='word_1_219' title='bbox 230 3136 332 3196; x_wconf 83' lang='lat' dir='ltr'>habeat,</span> <span class='ocrx_word' id='word_1_220' title='bbox 351 3138 418 3187; x_wconf 84' lang='lat' dir='ltr'>undo</span> <span class='ocrx_word' id='word_1_221' title='bbox 434 3139 551 3198; x_wconf 85' lang='lat' dir='ltr'>pendeat,</span> <span class='ocrx_word' id='word_1_222' title='bbox 569 3151 652 3201; x_wconf 91' lang='lat' dir='ltr'>neque</span> <span class='ocrx_word' id='word_1_223' title='bbox 664 3152 806 3200; x_wconf 85' lang='lat' dir='ltr'>pronomen</span> <span class='ocrx_word' id='word_1_224' title='bbox 818 3140 904 3188; x_wconf 85' lang='lat' dir='ltr'>statim</span> <span class='ocrx_word' id='word_1_225' title='bbox 915 3152 1022 3203; x_wconf 86' lang='lat' dir='ltr'>sequens</span> <span class='ocrx_word' id='word_1_226' title='bbox 1039 3153 1117 3186; x_wconf 78' lang='lat' dir='ltr'>comm</span> <span class='ocrx_word' id='word_1_227' title='bbox 1133 3137 1166 3185; x_wconf 86' lang='lat' dir='ltr'>ad</span> <span class='ocrx_word' id='word_1_228' title='bbox 1182 3131 1270 3182; x_wconf 77' lang='lat' dir='ltr'>rhoicis</span> 
     </span>
     <span class='ocr_line' id='line_1_29' title="bbox 145 3202 1269 3270; baseline -0.001 -19"><span class='ocrx_word' id='word_1_229' title='bbox 145 3202 231 3254; x_wconf 84' lang='lat' dir='ltr'>resern&#39;</span> <span class='ocrx_word' id='word_1_230' title='bbox 247 3204 342 3267; x_wconf 84' lang='lat' dir='ltr'>possit3</span> <span class='ocrx_word' id='word_1_231' title='bbox 360 3203 581 3266; x_wconf 87' lang='lat' dir='ltr'>interpolationem</span> <span class='ocrx_word' id='word_1_232' title='bbox 596 3213 682 3254; x_wconf 88' lang='lat' dir='ltr'>tamen</span> <span class='ocrx_word' id='word_1_233' title='bbox 693 3206 772 3267; x_wconf 91' lang='lat' dir='ltr'>illam,</span> <span class='ocrx_word' id='word_1_234' title='bbox 792 3221 954 3270; x_wconf 82' lang='lat' dir='ltr'>quamquam,</span> <span class='ocrx_word' id='word_1_235' title='bbox 971 3214 1000 3255; x_wconf 90' lang='lat' dir='ltr'>ut</span> <span class='ocrx_word' id='word_1_236' title='bbox 1015 3205 1130 3264; x_wconf 90' lang='lat' dir='ltr'>arbitror,</span> <span class='ocrx_word' id='word_1_237' title='bbox 1147 3218 1163 3251; x_wconf 89' lang='lat' dir='ltr'>a</span> <span class='ocrx_word' id='word_1_238' title='bbox 1179 3203 1214 3252; x_wconf 88' lang='lat' dir='ltr'>roi</span> <span class='ocrx_word' id='word_1_239' title='bbox 1226 3216 1269 3251; x_wconf 89' lang='lat' dir='ltr'>ve·</span> 
     </span>
     <span class='ocr_line' id='line_1_30' title="bbox 145 3261 1268 3400; baseline -0.004 -79"><span class='ocrx_word' id='word_1_240' title='bbox 145 3270 384 3400; x_wconf 50' lang='lat' dir='ltr'>{liltatemproxiqqam</span> <span class='ocrx_word' id='word_1_241' title='bbox 397 3271 508 3388; x_wconf 44' lang='lat' dir='ltr'>{pipere</span> <span class='ocrx_word' id='word_1_242' title='bbox 517 3286 639 3389; x_wconf 54' lang='lat' dir='ltr'>gqurffin</span> <span class='ocrx_word' id='word_1_243' title='bbox 647 3289 780 3388; x_wconf 33' lang='lat' dir='ltr'>musa</span> <span class='ocrx_word' id='word_1_244' title='bbox 798 3279 907 3399; x_wconf 50' lang='lat' dir='ltr'>sigmaro,</span> <span class='ocrx_word' id='word_1_245' title='bbox 920 3288 943 3323; x_wconf 79' lang='lat' dir='ltr'>a</span> <span class='ocrx_word' id='word_1_246' title='bbox 963 3311 994 3321; x_wconf 82' lang='grc'>-</span> <span class='ocrx_word' id='word_1_247' title='bbox 1012 3270 1121 3332; x_wconf 77' lang='lat' dir='ltr'>illinitur,</span> <span class='ocrx_word' id='word_1_248' title='bbox 1137 3261 1268 3320; x_wconf 72' lang='lat' dir='ltr'>Ovrau.</span> 
     </span>
     <span class='ocr_line' id='line_1_31' title="bbox 146 3353 842 3388; baseline 0.006 -4"><span class='ocrx_word' id='word_1_249' title='bbox 146 3353 390 3388; x_wconf 70' lang='lat' dir='ltr'>scurrae.-</span> <span class='ocrx_word' id='word_1_250' title='bbox 436 3354 496 3387; x_wconf 80' lang='lat' dir='ltr'>mon</span> <span class='ocrx_word' id='word_1_251' title='bbox 695 3356 731 3388; x_wconf 74' lang='lat' dir='ltr'>cra</span> <span class='ocrx_word' id='word_1_252' title='bbox 793 3355 842 3388; x_wconf 89' lang='lat' dir='ltr'>a.</span> 
     </span>
    </p>

    <p class='ocr_par' dir='ltr' id='par_1_7' title="bbox 143 3355 1270 4079">
     <span class='ocr_line' id='line_1_32' title="bbox 179 3355 1267 3471; baseline -0.001 -15"><span class='ocrx_word' id='word_1_253' title='bbox 179 3404 193 3466; x_wconf 66' lang='grc' dir='ltr'><strong>ξ</strong></span> <span class='ocrx_word' id='word_1_254' title='bbox 212 3355 262 3456; x_wconf 46' lang='grc'>935</span> <span class='ocrx_word' id='word_1_255' title='bbox 285 3374 362 3467; x_wconf 67' lang='lat' dir='ltr'>hta,</span> <span class='ocrx_word' id='word_1_256' title='bbox 379 3421 429 3456; x_wconf 90' lang='lat' dir='ltr'>om.</span> <span class='ocrx_word' id='word_1_257' title='bbox 447 3421 475 3470; x_wconf 71' lang='grc' dir='ltr'>ας</span> <span class='ocrx_word' id='word_1_258' title='bbox 494 3375 546 3456; x_wconf 69' lang='lat' dir='ltr'>iic.</span> <span class='ocrx_word' id='word_1_259' title='bbox 568 3408 757 3456; x_wconf 86' lang='lat' dir='ltr'>adnotationem</span> <span class='ocrx_word' id='word_1_260' title='bbox 773 3375 906 3471; x_wconf 71' lang='lat' dir='ltr'>proximae</span> <span class='ocrx_word' id='word_1_261' title='bbox 922 3405 1075 3470; x_wconf 83' lang='lat' dir='ltr'>paragraphi</span> <span class='ocrx_word' id='word_1_262' title='bbox 1092 3405 1217 3455; x_wconf 88' lang='lat' dir='ltr'>nltimam.</span> <span class='ocrx_word' id='word_1_263' title='bbox 1236 3443 1267 3455; x_wconf 79' lang='grc'><strong>-</strong></span> 
     </span>
     <span class='ocr_line' id='line_1_33' title="bbox 145 3465 1268 3539; baseline -0.001 -19"><span class='ocrx_word' id='word_1_264' title='bbox 145 3471 193 3535; x_wconf 83' lang='lat' dir='ltr'>qai,</span> <span class='ocrx_word' id='word_1_265' title='bbox 209 3465 311 3525; x_wconf 76' lang='lat' dir='ltr'>OVTd</span> <span class='ocrx_word' id='word_1_266' title='bbox 328 3471 396 3535; x_wconf 90' lang='lat' dir='ltr'>(cod.</span> <span class='ocrx_word' id='word_1_267' title='bbox 409 3472 519 3524; x_wconf 79' lang='lat' dir='ltr'>Salmas.</span> <span class='ocrx_word' id='word_1_268' title='bbox 536 3474 567 3523; x_wconf 88' lang='lat' dir='ltr'>do</span> <span class='ocrx_word' id='word_1_269' title='bbox 584 3473 645 3538; x_wconf 79' lang='lat' dir='ltr'>hyle</span> <span class='ocrx_word' id='word_1_270' title='bbox 656 3490 681 3539; x_wconf 90' lang='lat' dir='ltr'>p.</span> <span class='ocrx_word' id='word_1_271' title='bbox 695 3477 735 3524; x_wconf 77' lang='lat'>76.</span> <span class='ocrx_word' id='word_1_272' title='bbox 747 3475 770 3523; x_wconf 88' lang='lat' dir='ltr'>b.</span> <span class='ocrx_word' id='word_1_273' title='bbox 782 3471 830 3536; x_wconf 86' lang='lat' dir='ltr'>D.)</span> <span class='ocrx_word' id='word_1_274' title='bbox 856 3489 924 3536; x_wconf 78' lang='lat' dir='ltr'>quoe,</span> <span class='ocrx_word' id='word_1_275' title='bbox 936 3488 952 3522; x_wconf 92' lang='lat' dir='ltr'>a</span> <span class='ocrx_word' id='word_1_276' title='bbox 968 3471 1096 3536; x_wconf 85' lang='lat' dir='ltr'>(Mnrbac.</span> <span class='ocrx_word' id='word_1_277' title='bbox 1108 3488 1148 3537; x_wconf 91' lang='lat' dir='ltr'>ap.</span> <span class='ocrx_word' id='word_1_278' title='bbox 1161 3471 1268 3523; x_wconf 79' lang='lat' dir='ltr'>Cornan</span> 
     </span>
     <span class='ocr_line' id='line_1_34' title="bbox 145 3533 1269 3607; baseline -0.001 -18"><span class='ocrx_word' id='word_1_279' title='bbox 145 3541 178 3589; x_wconf 85' lang='lat' dir='ltr'>sd</span> <span class='ocrx_word' id='word_1_280' title='bbox 188 3541 305 3592; x_wconf 90' lang='lat' dir='ltr'>Dioscor.</span> <span class='ocrx_word' id='word_1_281' title='bbox 320 3547 343 3602; x_wconf 90' lang='lat' dir='ltr'>l,</span> <span class='ocrx_word' id='word_1_282' title='bbox 358 3533 427 3605; x_wconf 58' lang='lat'>121)</span> <span class='ocrx_word' id='word_1_283' title='bbox 442 3537 472 3602; x_wconf 82' lang='grc' dir='ltr'>β.</span> <span class='ocrx_word' id='word_1_284' title='bbox 489 3581 522 3592; x_wconf 92' lang='lat'>..</span> <span class='ocrx_word' id='word_1_285' title='bbox 545 3539 637 3606; x_wconf 78' lang='lat' dir='ltr'>rydroe,</span> <span class='ocrx_word' id='word_1_286' title='bbox 649 3557 672 3592; x_wconf 91' lang='lat' dir='ltr'>a.</span> <span class='ocrx_word' id='word_1_287' title='bbox 692 3583 722 3592; x_wconf 89' lang='grc'>..</span> <span class='ocrx_word' id='word_1_288' title='bbox 745 3557 821 3590; x_wconf 78' lang='lat' dir='ltr'>conen</span> <span class='ocrx_word' id='word_1_289' title='bbox 837 3548 872 3590; x_wconf 83' lang='lat' dir='ltr'>est</span> <span class='ocrx_word' id='word_1_290' title='bbox 888 3539 956 3590; x_wconf 74' lang='lat' dir='ltr'>tata</span> <span class='ocrx_word' id='word_1_291' title='bbox 965 3541 1074 3607; x_wconf 78' lang='lat' dir='ltr'>fruticis,</span> <span class='ocrx_word' id='word_1_292' title='bbox 1086 3541 1182 3591; x_wconf 83' lang='lat' dir='ltr'>VTad</span> <span class='ocrx_word' id='word_1_293' title='bbox 1200 3536 1269 3602; x_wconf 88' lang='lat' dir='ltr'>(cod.</span> 
     </span>
     <span class='ocr_line' id='line_1_35' title="bbox 144 3604 1269 3674; baseline -0.002 -16"><span class='ocrx_word' id='word_1_294' title='bbox 144 3606 265 3671; x_wconf 78' lang='lat' dir='ltr'>Salmas.)</span> <span class='ocrx_word' id='word_1_295' title='bbox 284 3607 352 3658; x_wconf 75' lang='lat' dir='ltr'>huius</span> <span class='ocrx_word' id='word_1_296' title='bbox 355 3607 459 3672; x_wconf 80' lang='lat' dir='ltr'>fruticis</span> <span class='ocrx_word' id='word_1_297' title='bbox 470 3624 548 3658; x_wconf 75' lang='lat' dir='ltr'>senen</span> <span class='ocrx_word' id='word_1_298' title='bbox 560 3616 602 3671; x_wconf 85' lang='lat' dir='ltr'>eet,</span> <span class='ocrx_word' id='word_1_299' title='bbox 613 3610 646 3662; x_wconf 89' lang='lat' dir='ltr'>K.</span> <span class='ocrx_word' id='word_1_300' title='bbox 656 3610 745 3674; x_wconf 79' lang='lat' dir='ltr'>frater</span> <span class='ocrx_word' id='word_1_301' title='bbox 756 3617 797 3672; x_wconf 85' lang='lat' dir='ltr'>cst,</span> <span class='ocrx_word' id='word_1_302' title='bbox 809 3616 832 3658; x_wconf 85' lang='lat' dir='ltr'>et</span> <span class='ocrx_word' id='word_1_303' title='bbox 842 3606 1016 3673; x_wconf 77' lang='lat' dir='ltr'>huiuasrotr&#39;cir</span> <span class='ocrx_word' id='word_1_304' title='bbox 1026 3625 1112 3669; x_wconf 80' lang='lat' dir='ltr'>semea,</span> <span class='ocrx_word' id='word_1_305' title='bbox 1125 3604 1154 3669; x_wconf 78' lang='grc' dir='ltr'>β.</span> <span class='ocrx_word' id='word_1_306' title='bbox 1168 3648 1199 3657; x_wconf 90' lang='grc'>..</span> <span class='ocrx_word' id='word_1_307' title='bbox 1218 3622 1269 3656; x_wconf 84' lang='lat' dir='ltr'>cam</span> 
     </span>
     <span class='ocr_line' id='line_1_36' title="bbox 143 3670 1269 3743; baseline 0.002 -21"><span class='ocrx_word' id='word_1_308' title='bbox 143 3672 203 3737; x_wconf 79' lang='lat' dir='ltr'>sale,</span> <span class='ocrx_word' id='word_1_309' title='bbox 215 3677 247 3727; x_wconf 89' lang='grc' dir='ltr'>Κ.</span> <span class='ocrx_word' id='word_1_310' title='bbox 268 3716 298 3725; x_wconf 79' lang='grc'><strong>-</strong></span> <span class='ocrx_word' id='word_1_311' title='bbox 323 3675 399 3725; x_wconf 84' lang='lat' dir='ltr'>alvom</span> <span class='ocrx_word' id='word_1_312' title='bbox 411 3674 488 3738; x_wconf 84' lang='lat' dir='ltr'>solvit,</span> <span class='ocrx_word' id='word_1_313' title='bbox 504 3678 540 3727; x_wconf 89' lang='lat' dir='ltr'>ita</span> <span class='ocrx_word' id='word_1_314' title='bbox 552 3692 599 3727; x_wconf 89' lang='lat' dir='ltr'>nos</span> <span class='ocrx_word' id='word_1_315' title='bbox 610 3679 763 3743; x_wconf 88' lang='lat' dir='ltr'>scripsimus.</span> <span class='ocrx_word' id='word_1_316' title='bbox 786 3675 840 3726; x_wconf 86' lang='lat' dir='ltr'>cluo</span> <span class='ocrx_word' id='word_1_317' title='bbox 851 3674 939 3739; x_wconf 80' lang='lat' dir='ltr'>colato,</span> <span class='ocrx_word' id='word_1_318' title='bbox 956 3670 1057 3728; x_wconf 73' lang='lat' dir='ltr'>OVTd</span> <span class='ocrx_word' id='word_1_319' title='bbox 1069 3672 1209 3738; x_wconf 83' lang='lat' dir='ltr'>(Murbac.)</span> <span class='ocrx_word' id='word_1_320' title='bbox 1232 3672 1269 3724; x_wconf 87' lang='lat' dir='ltr'>al·</span> 
     </span>
     <span class='ocr_line' id='line_1_37' title="bbox 143 3739 1270 3811; baseline 0.004 -20"><span class='ocrx_word' id='word_1_321' title='bbox 143 3757 185 3791; x_wconf 80' lang='lat' dir='ltr'>voa</span> <span class='ocrx_word' id='word_1_322' title='bbox 199 3741 276 3805; x_wconf 67' lang='lat' dir='ltr'>soluit</span> <span class='ocrx_word' id='word_1_323' title='bbox 288 3739 359 3808; x_wconf 69' lang='lat' dir='ltr'>assr.</span> <span class='ocrx_word' id='word_1_324' title='bbox 378 3743 498 3794; x_wconf 83' lang='lat' dir='ltr'>Ceterum</span> <span class='ocrx_word' id='word_1_325' title='bbox 514 3745 579 3795; x_wconf 88' lang='lat' dir='ltr'>haec</span> <span class='ocrx_word' id='word_1_326' title='bbox 596 3746 674 3797; x_wconf 87' lang='lat' dir='ltr'>verba</span> <span class='ocrx_word' id='word_1_327' title='bbox 683 3755 743 3811; x_wconf 87' lang='lat' dir='ltr'>post</span> <span class='ocrx_word' id='word_1_328' title='bbox 754 3744 850 3809; x_wconf 74' lang='lat' dir='ltr'>ascer&#39;t</span> <span class='ocrx_word' id='word_1_329' title='bbox 860 3748 1047 3809; x_wconf 77' lang='lat' dir='ltr'>usurparenda</span> <span class='ocrx_word' id='word_1_330' title='bbox 1059 3760 1114 3796; x_wconf 90' lang='lat' dir='ltr'>esse</span> <span class='ocrx_word' id='word_1_331' title='bbox 1125 3752 1197 3809; x_wconf 89' lang='lat' dir='ltr'>puto.</span> <span class='ocrx_word' id='word_1_332' title='bbox 1214 3744 1270 3795; x_wconf 83' lang='lat' dir='ltr'>Vix</span> 
     </span>
     <span class='ocr_line' id='line_1_38' title="bbox 144 3811 1270 3865; baseline 0.004 -7"><span class='ocrx_word' id='word_1_333' title='bbox 144 3811 211 3859; x_wconf 87' lang='lat' dir='ltr'>enim</span> <span class='ocrx_word' id='word_1_334' title='bbox 228 3812 347 3861; x_wconf 88' lang='lat' dir='ltr'>credibile</span> <span class='ocrx_word' id='word_1_335' title='bbox 363 3812 475 3862; x_wconf 87' lang='lat' dir='ltr'>Plinium</span> <span class='ocrx_word' id='word_1_336' title='bbox 494 3828 568 3863; x_wconf 89' lang='lat' dir='ltr'>usum</span> <span class='ocrx_word' id='word_1_337' title='bbox 584 3815 711 3864; x_wconf 86' lang='lat' dir='ltr'>medicnm</span> <span class='ocrx_word' id='word_1_338' title='bbox 729 3823 754 3865; x_wconf 88' lang='lat' dir='ltr'>et</span> <span class='ocrx_word' id='word_1_339' title='bbox 770 3814 920 3863; x_wconf 84' lang='lat' dir='ltr'>colinariam</span> <span class='ocrx_word' id='word_1_340' title='bbox 936 3812 1011 3863; x_wconf 88' lang='lat' dir='ltr'>huius</span> <span class='ocrx_word' id='word_1_341' title='bbox 1023 3813 1116 3863; x_wconf 88' lang='lat' dir='ltr'>herbae</span> <span class='ocrx_word' id='word_1_342' title='bbox 1127 3814 1192 3862; x_wconf 84' lang='lat' dir='ltr'>adeo</span> <span class='ocrx_word' id='word_1_343' title='bbox 1205 3813 1270 3863; x_wconf 88' lang='lat' dir='ltr'>inter</span> 
     </span>
     <span class='ocr_line' id='line_1_39' title="bbox 144 3878 1268 3946; baseline 0.003 -19"><span class='ocrx_word' id='word_1_344' title='bbox 144 3892 171 3927; x_wconf 90' lang='lat' dir='ltr'>se</span> <span class='ocrx_word' id='word_1_345' title='bbox 188 3879 326 3940; x_wconf 84' lang='lat' dir='ltr'>miscuisse,</span> <span class='ocrx_word' id='word_1_346' title='bbox 344 3887 373 3929; x_wconf 88' lang='lat' dir='ltr'>nt</span> <span class='ocrx_word' id='word_1_347' title='bbox 385 3894 450 3944; x_wconf 86' lang='lat' dir='ltr'>quae</span> <span class='ocrx_word' id='word_1_348' title='bbox 463 3881 627 3931; x_wconf 87' lang='lat' dir='ltr'>convenirent</span> <span class='ocrx_word' id='word_1_349' title='bbox 638 3883 788 3946; x_wconf 81' lang='lat' dir='ltr'>seiungeret,</span> <span class='ocrx_word' id='word_1_350' title='bbox 805 3883 888 3932; x_wconf 87' lang='lat' dir='ltr'>aliena</span> <span class='ocrx_word' id='word_1_351' title='bbox 900 3888 1070 3944; x_wconf 80' lang='lat' dir='ltr'>componeret</span> <span class='ocrx_word' id='word_1_352' title='bbox 1090 3921 1120 3930; x_wconf 90' lang='lat'>..</span> <span class='ocrx_word' id='word_1_353' title='bbox 1143 3878 1223 3946; x_wconf 81' lang='lat' dir='ltr'>silps&#39;c,</span> <span class='ocrx_word' id='word_1_354' title='bbox 1234 3881 1268 3932; x_wconf 86' lang='lat' dir='ltr'>V.</span> 
     </span>
     <span class='ocr_line' id='line_1_40' title="bbox 144 3940 1269 4014; baseline 0.006 -20"><span class='ocrx_word' id='word_1_355' title='bbox 144 3985 175 3994; x_wconf 86' lang='lat'><em>-</em></span> <span class='ocrx_word' id='word_1_356' title='bbox 194 3944 299 3996; x_wconf 67' lang='lat' dir='ltr'>maur</span> <span class='ocrx_word' id='word_1_357' title='bbox 310 3945 433 4008; x_wconf 75' lang='lat' dir='ltr'>clearchus,</span> <span class='ocrx_word' id='word_1_358' title='bbox 446 3949 523 3999; x_wconf 90' lang='lat' dir='ltr'>Vad.</span> <span class='ocrx_word' id='word_1_359' title='bbox 541 3947 658 3999; x_wconf 82' lang='lat' dir='ltr'>ulceribus</span> <span class='ocrx_word' id='word_1_360' title='bbox 669 3948 780 4012; x_wconf 70' lang='lat' dir='ltr'>medana,</span> <span class='ocrx_word' id='word_1_361' title='bbox 791 3944 842 4013; x_wconf 76' lang='grc' dir='ltr'>βγ.</span> <span class='ocrx_word' id='word_1_362' title='bbox 862 3987 893 3998; x_wconf 89' lang='lat'>..</span> <span class='ocrx_word' id='word_1_363' title='bbox 912 3946 1017 4010; x_wconf 74' lang='lat' dir='ltr'>aalma,</span> <span class='ocrx_word' id='word_1_364' title='bbox 1032 3940 1163 4000; x_wconf 72' lang='lat' dir='ltr'>evron.</span> <span class='ocrx_word' id='word_1_365' title='bbox 1183 3989 1214 4000; x_wconf 90' lang='lat'>..</span> <span class='ocrx_word' id='word_1_366' title='bbox 1225 3949 1269 4014; x_wconf 78' lang='lat' dir='ltr'>se·</span> 
     </span>
     <span class='ocr_line' id='line_1_41' title="bbox 143 4010 600 4079; baseline 0.013 -19"><span class='ocrx_word' id='word_1_367' title='bbox 143 4012 269 4076; x_wconf 76' lang='lat' dir='ltr'>micarunt,</span> <span class='ocrx_word' id='word_1_368' title='bbox 280 4015 357 4065; x_wconf 86' lang='lat' dir='ltr'>Vad.</span> <span class='ocrx_word' id='word_1_369' title='bbox 375 4014 559 4079; x_wconf 79' lang='lat' dir='ltr'>etsemiacncn,</span> <span class='ocrx_word' id='word_1_370' title='bbox 571 4010 600 4078; x_wconf 77' lang='grc' dir='ltr'>β.</span> 
     </span>
    </p>

    <p class='ocr_par' dir='ltr' id='par_1_8' title="bbox 139 4076 1269 4350">
     <span class='ocr_line' id='line_1_42' title="bbox 178 4076 1267 4149; baseline 0.002 -17"><span class='ocrx_word' id='word_1_371' title='bbox 178 4077 245 4138; x_wconf 69' lang='lat' dir='ltr'>ist.</span> <span class='ocrx_word' id='word_1_372' title='bbox 268 4098 313 4142; x_wconf 75' lang='lat' dir='ltr'>rsa,</span> <span class='ocrx_word' id='word_1_373' title='bbox 329 4076 459 4134; x_wconf 66' lang='lat' dir='ltr'>cvras.</span> <span class='ocrx_word' id='word_1_374' title='bbox 482 4091 523 4144; x_wconf 80' lang='lat' dir='ltr'>cat,</span> <span class='ocrx_word' id='word_1_375' title='bbox 542 4083 615 4134; x_wconf 87' lang='lat' dir='ltr'>codd.</span> <span class='ocrx_word' id='word_1_376' title='bbox 628 4083 687 4135; x_wconf 81' lang='lat' dir='ltr'>Gal.</span> <span class='ocrx_word' id='word_1_377' title='bbox 699 4078 727 4144; x_wconf 74' lang='grc' dir='ltr'>β.</span> <span class='ocrx_word' id='word_1_378' title='bbox 748 4122 779 4131; x_wconf 86' lang='grc'><strong>-</strong></span> <span class='ocrx_word' id='word_1_379' title='bbox 797 4080 987 4147; x_wconf 79' lang='lat' dir='ltr'>erythrodcaam,</span> <span class='ocrx_word' id='word_1_380' title='bbox 1000 4084 1075 4136; x_wconf 88' lang='lat' dir='ltr'>Vad.</span> <span class='ocrx_word' id='word_1_381' title='bbox 1094 4126 1126 4135; x_wconf 83' lang='grc'>-</span> <span class='ocrx_word' id='word_1_382' title='bbox 1144 4100 1220 4149; x_wconf 78' lang='lat' dir='ltr'>quom,</span> <span class='ocrx_word' id='word_1_383' title='bbox 1233 4084 1267 4135; x_wconf 89' lang='lat' dir='ltr'>V.</span> 
     </span>
     <span class='ocr_line' id='line_1_43' title="bbox 145 4149 1269 4220; baseline 0.001 -22"><span class='ocrx_word' id='word_1_384' title='bbox 145 4189 175 4198; x_wconf 84' lang='lat'>..</span> <span class='ocrx_word' id='word_1_385' title='bbox 194 4156 217 4197; x_wconf 88' lang='lat' dir='ltr'>et</span> <span class='ocrx_word' id='word_1_386' title='bbox 228 4149 339 4211; x_wconf 78' lang='lat' dir='ltr'>lichenas,</span> <span class='ocrx_word' id='word_1_387' title='bbox 352 4151 405 4200; x_wconf 85' lang='lat' dir='ltr'>Vd.</span> <span class='ocrx_word' id='word_1_388' title='bbox 433 4158 456 4199; x_wconf 86' lang='lat' dir='ltr'>et</span> <span class='ocrx_word' id='word_1_389' title='bbox 471 4150 496 4200; x_wconf 83' lang='lat' dir='ltr'>in</span> <span class='ocrx_word' id='word_1_390' title='bbox 514 4150 625 4210; x_wconf 82' lang='lat' dir='ltr'>lichenas,</span> <span class='ocrx_word' id='word_1_391' title='bbox 638 4167 662 4200; x_wconf 87' lang='lat' dir='ltr'>a.</span> <span class='ocrx_word' id='word_1_392' title='bbox 680 4190 712 4199; x_wconf 80' lang='lat'>-</span> <span class='ocrx_word' id='word_1_393' title='bbox 734 4149 853 4213; x_wconf 82' lang='lat' dir='ltr'>sciaticus,</span> <span class='ocrx_word' id='word_1_394' title='bbox 866 4152 900 4202; x_wconf 89' lang='lat' dir='ltr'>V.</span> <span class='ocrx_word' id='word_1_395' title='bbox 923 4192 953 4202; x_wconf 85' lang='lat'>-</span> <span class='ocrx_word' id='word_1_396' title='bbox 975 4153 1133 4220; x_wconf 78' lang='lat' dir='ltr'>paralyticae,</span> <span class='ocrx_word' id='word_1_397' title='bbox 1145 4153 1219 4204; x_wconf 87' lang='lat' dir='ltr'>Vad.</span> <span class='ocrx_word' id='word_1_398' title='bbox 1246 4159 1269 4200; x_wconf 85' lang='lat' dir='ltr'>et</span> 
     </span>
     <span class='ocr_line' id='line_1_44' title="bbox 139 4212 1267 4350; baseline 0.002 -84"><span class='ocrx_word' id='word_1_399' title='bbox 139 4216 296 4350; x_wconf 49' lang='lat' dir='ltr'>paqllpqticcs,</span> <span class='ocrx_word' id='word_1_400' title='bbox 308 4213 360 4346; x_wconf 51' lang='lat' dir='ltr'>fig.</span> <span class='ocrx_word' id='word_1_401' title='bbox 380 4258 411 4267; x_wconf 89' lang='lat'><em>-</em></span> <span class='ocrx_word' id='word_1_402' title='bbox 430 4217 545 4281; x_wconf 72' lang='lat' dir='ltr'>itficr&#39;aat,</span> <span class='ocrx_word' id='word_1_403' title='bbox 558 4212 667 4270; x_wconf 74' lang='lat' dir='ltr'>OVTd.</span> <span class='ocrx_word' id='word_1_404' title='bbox 691 4217 813 4282; x_wconf 59' lang='lat' dir='ltr'>incipient,</span> <span class='ocrx_word' id='word_1_405' title='bbox 825 4234 847 4269; x_wconf 80' lang='lat' dir='ltr'>a</span> <span class='ocrx_word' id='word_1_406' title='bbox 867 4218 967 4284; x_wconf 76' lang='lat' dir='ltr'>tiaprmt,</span> <span class='ocrx_word' id='word_1_407' title='bbox 978 4216 1008 4283; x_wconf 78' lang='grc' dir='ltr'>β.</span> <span class='ocrx_word' id='word_1_408' title='bbox 1029 4264 1060 4273; x_wconf 87' lang='grc'>-</span> <span class='ocrx_word' id='word_1_409' title='bbox 1078 4219 1200 4286; x_wconf 61' lang='lat' dir='ltr'>allabatur,</span> <span class='ocrx_word' id='word_1_410' title='bbox 1212 4220 1267 4271; x_wconf 87' lang='lat' dir='ltr'>Vd.</span> 
     </span>
    </p>

    <p class='ocr_par' dir='ltr' id='par_1_9' title="bbox 236 4293 380 4350">
     <span class='ocr_line' id='line_1_45' title="bbox 236 4293 380 4350; baseline 0 -15"><span class='ocrx_word' id='word_1_411' title='bbox 236 4293 327 4346; x_wconf 68' lang='lat' dir='ltr'>aaran</span> <span class='ocrx_word' id='word_1_412' title='bbox 355 4299 380 4350; x_wconf 70' lang='grc' dir='ltr'>γ.</span> 
     </span>
    </p>
   </div>
   <div class='ocr_carea' id='block_1_5' title="bbox 0 0 1464 4800">
    <p class='ocr_par' dir='ltr' id='par_1_10' title="bbox 0 0 1464 4800">
     <span class='ocr_line' id='line_1_46' title="bbox 0 0 1464 4800; baseline 0 0"><span class='ocrx_word' id='word_1_413' title='bbox 0 0 1464 4800; x_wconf 95' lang='lat' dir='ltr'> </span> 
     </span>
    </p>
   </div>
  </div>
 </body>
</html>
