2918 4800
182 299 243 362 316
384 374 387 378 ¹
532 316 737 363 uaruancrs
760 315 956 363 nlsroama

181 476 278 553 rupta
298 467 450 532 intestina
472 467 589 534 sarcire
605 466 683 531 mire
699 467 844 544 traditur,
866 465 975 530 fimum
990 466 1109 552 leporis
1125 487 1196 530 cum
1211 467 1307 532 melle

182 568 349 634 decoctum
379 580 412 635 et
438 568 552 635 cotidie
580 568 672 633 fabae
694 568 915 654 magnitudine
937 578 1101 655 sumptum
1122 567 1168 632 ita
1190 578 1226 631 ut
1248 567 1306 634 de·

122 752 125 757 ,
181 670 319 756 ploratos
343 671 535 736 sanaverint.
558 669 710 735 Laudant
732 679 762 734 et
784 670 906 754 caprini
929 669 1045 757 capitis
1060 692 1134 735 cum
1150 669 1217 735 suis
1232 670 1307 755 pilia

181 770 314 836 discocti
337 796 459 839 sucum.

224 873 274 938 59.
298 874 475 941 Tenesmos
497 875 530 938 id
554 885 603 940 est
624 874 737 940 crebra
758 886 791 939 et
812 874 917 939 inanis
940 875 1088 940 voluntas
1110 875 1307 960 desurgendi
1323 892 1369 934 ‘211

181 974 302 1039 tollitur
328 986 403 1062 poto
431 977 512 1041 lacte
533 976 669 1054 asinino,
698 977 775 1041 item
797 976 928 1042 bubulo
964 975 1158 1040 Taeniarum
1186 998 1308 1062 genera

181 1076 272 1160 pellit
293 1077 414 1142 cervini
436 1098 552 1142 cornus
575 1078 656 1143 cinis
678 1088 784 1162 potus.
824 1076 917 1160 Quae
940 1078 974 1142 in
995 1077 1209 1143 excrementis
1237 1076 1307 1161 lupi

181 1177 322 1242 diximus
343 1178 480 1243 inveniri
502 1201 585 1256 ossa,
609 1179 635 1244 si
650 1188 765 1242 terram
780 1202 844 1244 non
860 1178 1034 1267 attigerint,
1058 1180 1127 1243 colo
1140 1178 1309 1244 medentur

182 1278 354 1365 adalligata
388 1280 553 1357 bracchi03
590 1281 682 1364 polea
716 1302 842 1366 quoque
870 1303 969 1365 supra
1000 1280 1086 1344 dicta
1110 1302 1309 1366 magnopere

180 1381 312 1466 prodest
333 1381 367 1446 in
389 1404 468 1466 sapa
490 1382 631 1462 decocta,
654 1382 730 1446 item
753 1383 837 1447 suilli
851 1382 918 1447 fimi
934 1382 1039 1447 farina
1053 1382 1164 1446 addito
1180 1381 1308 1446 cumino

181 1481 215 1545 in
237 1504 321 1566 aqua
347 1493 437 1548 rutae
465 1484 626 1562 decoctae,
655 1506 773 1550 cornus
804 1483 925 1550 cervini
953 1484 1052 1548 teneri
1079 1483 1161 1548 cinis
1191 1482 1308 1548 cocleis

181 1582 347 1649 Africanis
369 1606 441 1650 cum
463 1595 544 1650 testa
566 1608 624 1650 sua
647 1585 749 1650 tunsis
771 1586 891 1650 mixtus
913 1587 947 1650 in
969 1585 1036 1650 vini
1059 1584 1197 1670 potione.

224 1683 306 1750 XV.
328 1686 378 1750 60.
393 1687 531 1753 Vesicae
546 1687 803 1772 calculorumque
820 1687 1013 1752 cruciatibus
1027 1686 1200 1750 auxiliatur
1213 1684 1309 1748 urina
1322 1702 1372 1746 212

182 1785 252 1870 apri
275 1797 307 1851 et
328 1787 399 1873 ipsa
420 1789 527 1854 vesica
549 1811 608 1874 pro
627 1790 698 1855 cibo
715 1800 852 1875 sumpta,
877 1789 1048 1866 efficacius,
1073 1788 1100 1853 si
1114 1786 1205 1874 prius
1220 1787 1308 1850 fumo
1329 1855 1331 1859 ,

181 1900 360 1955 maceretu'r
387 1901 569 1975 utrumque.
606 1889 757 1956 Vesicam
787 1891 903 1956 elixam
935 1890 1044 1954 mandi
1067 1897 1204 1974 oportet,
1235 1897 1308 1950 eta

181 1990 313 2055 muliere
339 1991 475 2057 feminae
502 1993 579 2057 suis.
616 1991 829 2057 Inveniuntur
856 2003 888 2057 et
916 1993 949 2057 in
975 1991 1171 2057 iocineribus
1198 2012 1308 2053 eorum

180 2088 280 2176 lapilli
302 2103 357 2159 aut
379 2094 515 2159 duritiae
536 2093 655 2178 lapillis
679 2093 809 2173 similes,
834 2094 1000 2173 candidae,
1025 2093 1108 2158 sicut
1127 2092 1162 2156 in
1185 2089 1309 2177 volgari

181 2215 249 2271 sue,
272 2193 390 2278 quibus
413 2195 559 2260 contritis
582 2203 676 2279 atque
699 2195 733 2259 in
755 2195 830 2260 vino
852 2195 935 2280 potis
957 2194 1033 2280 pelli
1048 2193 1185 2258 calculos
1208 2192 1307 2256 aiunt.

181 2291 251 2381 Ipsi
275 2317 354 2380 apro
377 2308 441 2360 tam
464 2297 573 2382 gravis
595 2295 688 2360 urina
711 2306 816 2360 estut
838 2296 901 2360 nisi
919 2306 1031 2384 egesta
1044 2295 1141 2381 fugae
1156 2316 1220 2357 non
1236 2293 1307 2356 suf-

180 2394 268 2459 ficiat
290 2419 327 2460 ac
349 2397 448 2460 veluti
470 2397 638 2461 devinctus
661 2397 878 2481 opprimatur3
903 2397 994 2461 exuri
1016 2396 1071 2460 illa
1094 2394 1224 2458 tradunt
1240 2417 1306 2459 eos.

181 2495 320 2580 Leporis
346 2520 437 2563 renes
465 2498 634 2562 inveterati
661 2497 695 2561 in
722 2499 797 2563 vino
824 2498 891 2585 poti
922 2496 1059 2563 calculos
1092 2495 1224 2582 pellunt
1269 2494 1307 2558 In
1323 2514 1373 2557 ara

182 2619 283 2681 perna
306 2621 399 2662 suum
421 2599 571 2664 articulos
593 2621 664 2665 esse
680 2599 820 2664 diximus
835 2622 972 2683 quorum
986 2600 1152 2664 decoctum
1167 2597 1218 2662 ius
1232 2597 1310 2661 facit

181 2697 294 2763 urinae
310 2699 396 2764 utile.
420 2700 516 2766 Asini
530 2723 624 2767 renes
646 2701 813 2766 inveterati
835 2703 966 2786 tritique
988 2712 1026 2765 et
1041 2702 1115 2766 vino
1136 2722 1225 2765 mero
1241 2698 1310 2762 dati

181 2799 309 2864 vesicae
322 2802 499 2868 medentur.
524 2800 672 2867 Calculos
695 2804 860 2888 expellunt
879 2803 1020 2869 lichenes
1044 2802 1151 2886 equini
1173 2823 1213 2865 ex
1234 2799 1309 2864 vino

180 2912 238 2965 aut
259 2904 363 2967 mulso
384 2904 453 2988 poti
476 2904 589 2970 diebus
611 2928 670 2980 x1,;
702 2904 836 2990 prodest
858 2917 891 2970 et
912 2905 1051 2991 ungulae
1073 2904 1208 2988 equinae
1230 2901 1309 2966 cinis

181 3004 216 3068 in
237 3003 312 3068 vino
335 3016 390 3070 aut
412 3028 506 3090 aqua,
528 3006 606 3072 item
627 3006 738 3071 fimum
760 3031 930 3095 caprarum
950 3008 986 3072 in
1006 3007 1122 3084 muls0,
1146 3004 1307 3072 efficacius

208 3214 283 3276 jaba,
295 3215 329 3263 V.
349 3255 379 3265 ..
399 3212 542 3279 deploratos,
558 3219 582 3266 d.
604 3213 752 3278 deplanetur,
768 3210 883 3267 OVRT.
903 3257 933 3264 ..
956 3213 1085 3275 sanaverit,
1098 3215 1130 3265 K.
1151 3255 1181 3263 -
1200 3212 1308 3276 caprino,

183 3281 246 3331 VR.
267 3323 297 3330 -
317 3281 420 3345 discocti,
433 3285 524 3335 VRT,
543 3281 639 3345 decocti,
651 3280 722 3348 ᾱβγ.

217 3351 231 3412 §
245 3356 302 3400 211.
324 3351 457 3413 Tenesmus,
470 3355 493 3402 d.
507 3394 539 3403 -
557 3352 644 3408 inanis,
655 3352 757 3402 VR2d.
775 3351 837 3412 anis,
850 3343 920 3402 012¹.
939 3393 969 3400 ..
989 3348 1138 3414 desurqendi,
1151 3343 1308 3399 Ova'rdr.

183 3416 299 3482 egerendi,
311 3415 340 3479 β.
355 3461 385 3468 -
403 3420 559 3481 Taeneamm,
570 3421 604 3469 V.
627 3419 764 3479 Pariorum,
780 3412 838 3469 OT.
861 3419 999 3478 Tenearum,
1012 3422 1035 3468 d.
1058 3418 1193 3477 Vinearum,
1206 3413 1262 3478 Rss.
1278 3458 1306 3465 -

183 3485 297 3546 savinus,
315 3489 348 3536 V.
368 3528 399 3537 -
423 3485 527 3537 dirimas
543 3492 628 3553 5178.
647 3529 678 3538 ..
703 3487 849 3552 attinyerint,
865 3488 898 3537 V.
923 3528 953 3537 ..
981 3485 1050 3546 dicto,
1068 3487 1123 3535 Vd.
1147 3527 1177 3535 ..
1206 3485 1230 3534 iu
1246 3501 1310 3548 sapa

184 3552 288 3615 decocta,
300 3555 333 3604 V.
352 3553 447 3603 decocta
459 3555 483 3604 in
495 3573 564 3620 sapa,
577 3558 630 3607 Rd.
651 3597 680 3604 ..
699 3564 769 3603 rutae
781 3554 880 3613 decocto,
893 3557 925 3605 K.
945 3550 976 3604 .‘.
996 3553 1076 3613 teneri,
1090 3570 1139 3603 cm.
1153 3570 1172 3602 r.

218 3624 232 3685 5
245 3627 303 3671 212.
328 3622 450 3683 Vacsieae,
462 3625 496 3672 V.
516 3666 546 3673 -
556 3625 638 3688 sumo,
651 3624 733 3673 VRd.
744 3623 816 3686 fimo,
831 3617 859 3671 θ,
880 3665 909 3672 ,.
936 3622 1159 3684 Vesicamfemince
1169 3621 1220 3670 sud
1232 3619 1309 3669 elira-

185 3688 245 3737 tione
261 3688 387 3738 emollitum
404 3688 487 3739 mandi
502 3699 600 3756 oportet.
622 3690 783 3752 Inveniuntur,
800 3693 833 3741 K.
857 3732 888 3740 -
915 3692 941 3739 in
957 3689 1105 3750 iocineribus,
1118 3691 1171 3739 Rd.
1198 3687 1309 3738 iocineri-

184 3757 232 3815 bin,
245 3757 278 3805 V.
299 3799 330 3806 ,
348 3755 457 3816 duritiae,
473 3760 520 3808 Vr.
543 3759 639 3820 duritie,
652 3755 752 3820 Rdssr.
774 3800 803 3807 -
822 3757 948 3818 cdadidca,
961 3760 1012 3808 Vr.
1040 3757 1150 3815 candide,
1162 3759 1224 3808 ΒΤ.
1251 3773 1308 3805 cun-

184 3821 330 3888 diatdssy.
350 3866 381 3873 -
404 3825 494 3875 inviae
509 3827 675 3889 potavao.
700 3823 939 3892 potisiaviito,fly.
959 3868 989 3875 -
1013 3826 1211 3884 urino,VR¹T.
1239 3825 1310 3874 urina

184 3894 297 3952 scalt-2
323 3891 541 3959 acuminadssy.
560 3937 591 3944 -
615 3904 716 3959 egestae,
731 3896 762 3944 V.
784 3937 813 3944 -
829 3896 918 3958 sayna,
931 3896 993 3944 VR.
1016 3895 1126 3959 cffitpere,
1139 3896 1191 3944 Ta.
1213 3935 1243 3942 ..
1262 3891 1309 3940 vel·

185 3959 227 4015 uti,
241 3961 273 4009 V.
299 3959 367 4020 celat,
379 3959 480 4026 Rassy.
500 4004 530 4012 ..
549 3961 680 4024 defunctus,
693 3981 712 4012 r.

220 4030 305 4089 §ala
332 4027 356 4076 in
373 4029 427 4078 vino
440 4030 500 4094 poti,
517 4033 570 4081 Rd.
597 4031 622 4079 iu
638 4031 688 4080 vini
699 4031 760 4095 poti,
772 4033 806 4081 V.
834 4031 859 4080 ia
872 4031 922 4080 vini
933 4040 999 4095 potu,
1015 4025 1044 4080 θ.
1064 4071 1094 4080 ..
1114 4044 1212 4095 pernae,
1225 4029 1258 4078 V.
1278 4069 1308 4077 -

185 4111 260 4155 saum,
277 4088 435 4149 Ovardr.
462 4099 519 4160 saia,
535 4094 564 4159 β.
584 4140 615 4148 ..
640 4097 744 4148 dirimas
760 4103 774 4164 ξ
793 4104 849 4150 179.
869 4140 899 4149 ..
924 4116 1031 4163 quorum,
1047 4102 1070 4148 d.
1098 4097 1242 4160 quod,VR.
1269 4095 1313 4159 qai

186 4160 276 4211 decocti
288 4163 437 4227 iussaciunt,
449 4183 468 4215 r.
489 4208 518 4216 ..
537 4164 616 4226 Asini,
632 4159 742 4218 OVRd.
765 4166 871 4228 Aricini,
883 4163 911 4228 β.
934 4209 959 4216 -
981 4175 1011 4228 et,
1023 4168 1107 4217 VRd.
1130 4174 1153 4214 et
1164 4166 1196 4227 in,
1207 4160 1258 4228 βγ.
1279 4205 1308 4213 ..

186 4229 309 4293 moderati,
325 4234 360 4282 V.
385 4275 415 4283 ..
445 4230 554 4294 Calculis,
572 4235 619 4285 Vt
645 4276 674 4284 -
703 4234 810 4295 lichenes,
826 4236 881 4287 VR
901 4233 986 4296 (codd.
1005 4233 1076 4297 Gal.)
1103 4233 1182 4295 lienes,
1201 4235 1253 4284 Tr.
1280 4273 1308 4281 -

186 4298 258 4349 mulso
271 4309 312 4350 aut
324 4301 384 4365 vino,
397 4304 421 4351 d.
442 4343 470 4352 ..
488 4309 552 4366 potu,
567 4303 599 4353 V.
622 4344 649 4352 ..
670 4302 713 4365 ael,
726 4319 776 4354 orn.
789 4304 833 4353 R¹.
