2918 4800
196 307 257 370 164
547 322 751 370 usruusms
773 322 968 373 nrsroamu

193 475 316 540 minum
337 473 485 562 cupidine
506 475 704 541 instituendo
726 487 759 543 et
780 475 842 542 alia
868 476 967 542 multa
994 476 1082 543 dictu
1104 488 1198 564 grata
1220 488 1317 563 atque

192 577 347 654 iucunda3
378 599 495 665 magna
521 576 711 643 auctoritate
737 599 798 643 nec
826 577 948 644 minore
975 580 1073 656 fama,
1101 601 1174 643 cum
1203 601 1317 646 occur-
1334 597 1364 642 15

192 679 289 745 risset
315 679 426 766 ignoto
453 677 575 758 funeri,
603 680 704 744 relato
732 679 860 747 homine
888 680 928 745 ab
957 702 1040 767 rogo
1060 690 1157 765 atque
1180 693 1317 761 servato,

192 804 234 846 nc
256 781 328 866 quis
349 781 475 847 levibus
501 775 671 846 momentis
698 791 820 848 tantam
848 784 1090 849 conversionem
1117 782 1233 850 factam
1260 806 1318 848 ex-

192 883 331 949 istumet.
372 883 413 948 Id
446 884 549 949 solum
582 906 756 970 possumus
790 883 954 972 indignari
986 907 1086 950 unum
1112 883 1273 951 hominem
1300 908 1318 950 e

190 984 353 1050 levissima
374 996 480 1072 gente,
505 984 572 1049 sine
593 983 709 1070 opibus
731 983 805 1050 ullis
820 1007 941 1064 orsum,
962 985 1129 1074 vectigalis
1149 986 1199 1051 sui
1220 1008 1319 1052 causa
1369 985 1372 990 ’

190 1100 324 1174 repente
334 1087 424 1174 leges
435 1086 548 1152 salutis
558 1085 698 1151 humano
712 1086 822 1174 generi
837 1086 976 1166 dedisse,
990 1110 1071 1172 quas
1086 1096 1191 1152 tamen
1205 1098 1320 1173 postea

190 1187 387 1278 abrogavere
407 1188 510 1253 multi.
532 1188 748 1274 Asclepiaden
770 1187 922 1255 adiuvere
944 1189 1046 1255 multa
1064 1190 1098 1254 in
1112 1182 1318 1275 antiquorum
1334 1206 1363 1252 ro

192 1312 270 1355 cura
289 1289 384 1355 nimis
406 1289 502 1354 anxia
523 1299 557 1354 et
578 1288 682 1368 rudia,
711 1301 748 1355 ut
776 1290 933 1356 obruendi
961 1313 1077 1380 aegros
1105 1301 1196 1357 veste
1219 1292 1318 1357 sudo-

191 1413 307 1475 resque
333 1391 420 1456 omni
446 1389 540 1456 modo
569 1389 692 1469 ciendi,¹
715 1411 802 1456 nunc
829 1413 962 1477 corpora
991 1392 1033 1456 ad
1059 1391 1145 1478 ignis
1173 1392 1318 1459 torrendi

192 1493 315 1558 solesve
337 1491 472 1558 adsiduo
493 1490 670 1576 quaerendi
691 1492 726 1557 in
747 1493 827 1559 urbe
849 1493 1006 1572 nimbosa,
1030 1493 1127 1559 immo
1150 1516 1228 1560 vero
1251 1505 1319 1559 tota

190 1593 284 1660 Italia
303 1592 503 1680 inperatrice,
528 1604 596 1658 tum
617 1594 756 1680 primum
777 1594 895 1682 pensili
912 1594 1111 1661 balinearum
1125 1619 1188 1661 usu
1203 1595 1246 1660 ad
1266 1596 1317 1660 in-

191 1696 316 1761 finitum
330 1695 558 1762 blandientem.
582 1694 755 1762 Praeterea
775 1697 810 1761 in
825 1695 1018 1782 quibusdam
1033 1697 1154 1763 morbis
1169 1697 1318 1762 medendi
1334 1712 1363 1760 ιι

192 1797 352 1864 cruciatus
374 1797 527 1876 detraxit,
548 1797 641 1862 utin
662 1797 791 1886 anginis
814 1820 894 1882 quas
916 1799 1071 1865 curabant
1090 1798 1123 1863 in
1140 1798 1244 1864 faucis
1264 1822 1318 1864 or-

191 1922 275 1988 gano
297 1898 455 1975 demiss03
478 1898 642 1964 damnavit
660 1900 774 1965 merito
790 1909 822 1965 et
835 1899 1026 1966 vomitiones
1041 1911 1118 1966 tunc
1134 1922 1232 1987 supra
1247 1922 1317 1966 mo·

191 2002 269 2065 dum
290 2000 479 2085 frequentis,
509 2001 616 2088 arguit
643 2010 676 2066 et
702 2000 1009 2068 medicamentorum
1035 2012 1132 2087 potus
1154 2000 1319 2067 stomacho

191 2101 352 2180 inimicos,
379 2103 465 2187 quod
493 2114 543 2168 est
568 2125 687 2190 magna
715 2125 756 2168 ex
784 2113 876 2189 parte
903 2126 1015 2168 verum
1022 2128 1031 2180 3
1059 2103 1170 2188 itaque
1196 2126 1256 2168 nos
1283 2102 1317 2166 in

190 2203 303 2289 primis
324 2225 405 2288 quae
428 2215 503 2268 sunt
525 2204 688 2271 stomacho
709 2204 800 2269 utilia
824 2205 1000 2292 signamus.

234 2303 294 2369 IV.
324 2307 353 2369 9.
382 2303 489 2391 Super
516 2306 622 2370 omnia
648 2306 800 2372 adiuvere
828 2328 904 2373 eum
931 2307 1076 2394 magicae
1102 2307 1262 2373 vanitates
1284 2306 1317 2370 in
1334 2322 1364 2368 ts

194 2416 318 2471 tantum
346 2416 473 2472 evectae
501 2417 537 2471 ut
565 2406 724 2494 abrogare
749 2407 859 2473 herbis
888 2408 985 2474 fidem
1018 2409 1142 2475 cunctis
1171 2418 1316 2497 possent:

228 2615 345 2680 cupidine,
358 2616 447 2666 R2'ad.
465 2614 605 2681 cupidinaria,
617 2618 651 2668 V.
669 2613 828 2680 cupiditatem,
841 2618 936 2668 ΒΜ..
956 2616 1050 2680 atalia
1062 2617 1162 2668 vitu.
1180 2615 1239 2677 alra,
1250 2617 1318 2681 R'd,
1356 2670 1362 2681 ,

195 2681 319 2745 -dicta,
332 2684 458 2734 VR¹.-
475 2684 572 2749 previa,
584 2686 653 2735 R2a.

228 2768 296 2829 §¹⁵-
315 2766 427 2815 hommem
439 2769 470 2816 ab
481 2785 546 2833 repa
558 2787 632 2820 a...
656 2768 807 2830 elocissima,
819 2773 842 2820 d.
858 2767 1002 2848 flephsima,
1014 2770 1148 2820 vitu...
1165 2768 1319 2834 pentateuco

193 2833 650 2901 ripus‚a-le9es‚1td.te9is‚v.
664 2838 720 2890 Om.
733 2854 807 2887 a...
824 2837 925 2902 penate,
937 2852 959 2886 a
981 2837 1095 2901 penereri,
1107 2836 1191 2886 V...
1214 2834 1318 2901 adrapa-

195 2915 255 2960 vere,
267 2903 355 2951 V...
371 2902 452 2963 oculta,
465 2920 488 2953 a.

230 2993 297 3055 §.lo
321 2993 480 3060 Asclepiaden
496 2995 616 3057 adiuuere,
628 2998 663 3048 V.
690 2996 856 3062 Asclepiadem
873 2996 997 3074 adunare,
1014 3013 1036 3047 a.
1063 2995 1230 3060 Asclepiadem
1248 2995 1318 3045 adiu-

195 3102 256 3147 vere,
273 3081 351 3164 Ββγ.
378 3087 535 3151 Asclepiades
550 3088 688 3150 invenit'l'.
716 3090 766 3140 Asc
803 3089 871 3141 iades
886 3065 1080 3151 addentes.
1102 3088 1177 3152 multi,
1193 3087 1268 3168 δφφ.
1287 3129 1318 3141 -

194 3154 218 3203 in
235 3154 398 3219 antiquorum,
415 3158 529 3207 VRTd.
556 3173 667 3220 quorum,
683 3155 803 3223 ιιδφφ.
827 3158 963 3220 -ninn's,
979 3126 1154 3235 VBaddpp.
1180 3156 1270 3218 mimis,
1287 3158 1319 3207 Τ.

195 3222 326 3272 „anxia
346 3232 368 3272 et
388 3223 461 3273 rudia
481 3231 517 3286 ut,
536 3223 663 3289 VRTrlp
644 3240 698 3290 pp.
721 3226 797 3275 anaia
816 3234 838 3274 ct
858 3225 915 3276 radi
932 3195 987 3287 adt,
1004 3241 1027 3274 a.
1052 3224 1124 3274 anxie
1142 3224 1207 3276 nudi
1222 3233 1276 3285 aut,
1294 3227 1318 3274 d.

194 3289 269 3339 anxia
286 3299 309 3339 et
323 3290 399 3353 rudis,
415 3288 496 3354 β.-
520 3291 666 3354 obrudiendi,
682 3309 757 3343 a...
782 3291 890 3343 torrendo
908 3302 934 3344 et
949 3262 1091 3358 puberendo,
1103 3295 1186 3344 Κ...
1209 3262 1319 3352 adsiduo,

193 3360 276 3409 VRa.
303 3358 406 3420 assidue,
424 3362 528 3410 Td.-
551 3360 639 3422 urbem,
655 3330 740 3411 V...
765 3361 878 3421 nimbosa,
898 3354 1074 3413 OVRTadr.
1100 3356 1263 3422 umbrosam?
1286 3400 1317 3410 ...

194 3433 252 3486 tcta,
264 3427 346 3476 vita.
371 3435 446 3487 mata,
459 3429 513 3476 Td.
538 3397 816 3492 tantaeialiasimper,
827 3398 896 3479 Pirit.
920 3428 1044 3507 impertito,
1061 3428 1165 3481 Gesner.
1182 3431 1318 3479 chrestum.

193 3509 219 3557 p.
233 3497 290 3543 669.
312 3495 346 3543 Et
362 3496 413 3544 hoc
431 3496 533 3558 quidem
547 3496 652 3546 Gesner.
668 3504 737 3547 recte
748 3497 818 3559 vidit,
835 3512 929 3547 nomen
946 3496 1095 3560 imperatrice
1111 3498 1166 3548 sine
1177 3496 1231 3546 ullo
1244 3511 1320 3546 sensu

168 3574 175 3587 ·
193 3561 235 3610 hic
252 3563 325 3622 eddi;
348 3563 429 3625 ipsum
447 3571 532 3611 tamen
548 3564 720 3614 coniecturam
737 3580 817 3625 suam,
839 3580 915 3628 quam
937 3566 992 3627 ipse
1007 3566 1170 3615 audaciorem
1186 3565 1254 3625 dicit,
1274 3564 1319 3612 vix

194 3629 312 3692 cuiquam
334 3630 484 3692 probaverit.
511 3631 611 3682 Plinius
627 3633 726 3696 scripsit
742 3601 871 3680 nimbirum
888 3630 984 3693 alume,
1006 3635 1086 3695 quod,
1104 3648 1163 3682 cum
1180 3648 1196 3681 a
1215 3630 1320 3694 vulgata

194 3698 318 3759 scriptura
329 3697 445 3759 proxime
457 3697 531 3758 absit,
549 3700 664 3761 padano
679 3700 802 3749 orationis
818 3698 888 3748 immo
900 3714 954 3747 vero
966 3714 1046 3763 paene
1057 3700 1201 3751 necessario
1212 3699 1319 3761 flagitat.

194 3762 259 3813 Rem
270 3765 410 3813 conficiunt
421 3765 514 3814 verba
506 3767 585 3829 ipsius
597 3767 707 3827 Plintis,
719 3772 779 3817 136.
797 3782 845 3829 qua
856 3766 948 3815 ratione
960 3767 1065 3816 crebra
1054 3784 1079 3815 ιιι
1090 3765 1166 3816 Italia
1178 3765 1320 3828 (fulmina),

195 3831 253 3893 quia
264 3829 373 3880 mobilior
384 3848 427 3879 aer
439 3831 530 3880 mitiore
541 3832 615 3882 hieme
626 3842 649 3882 et
660 3803 750 3882 aeslate
763 3834 893 3883 nimbosa
904 3850 995 3898 semper
1007 3832 1177 3897 quodammodo
1188 3841 1273 3883 uenat
1283 3831 1321 3881 uel

193 3905 326 3948 autumnat.
343 3899 389 3950 Uti
400 3915 460 3949 vero
473 3900 614 3952 h.l.1talia
624 3902 769 3951 nimborum
781 3902 865 3963 altrix,
878 3902 914 3952 ita
921 3900 1024 3966 Europa
1036 3904 1128 3953 dicitur
1138 3900 1214 3951 altria
1225 3899 1320 3949 catoris

193 3965 536 4096 Vnssiumbypingumtpoffiia’
550 3974 573 4018 5.
591 4012 622 4019 ..
638 3967 773 4033 pensilium,
785 3970 867 4019 K.-
887 3968 1033 4033 balnearum,
1045 3972 1135 4020 ad...
1154 3967 1319 4028 blandientem,

254 4049 269 4081 a
336 4051 351 4082 ιι
370 4049 428 4082 tene
1375 4065 1377 4069 ι

228 4072 679 4168 §17.morbt,V...potu‚...a
703 4100 1321 4168 verum‚VR¹¹1'Kd.vetitum,R²a,d7...ut

194 4167 253 4227 alia,
264 4170 391 4220 VR¹...
410 4171 446 4234 sip
448 4188 534 4233 nemus,
547 4174 580 4223 K

228 4235 300 4296 518.
329 4237 418 4302 Supra,
435 4240 530 4290 Rt..
553 4248 646 4290 evectae
661 4248 694 4302 ut,
710 4242 794 4293 VRd.
822 4248 918 4289 evacuet
934 4248 1060 4301 eiu...
1087 4208 1263 4304 obrepereta
1287 4281 1318 4288 ..

186 4303 248 4367 fide,
260 4306 345 4355 V.-
368 4305 491 4371 Aethiope,
508 4307 551 4356 R¹.
578 4278 730 4372 Aethiopidis
746 4309 842 4370 labae,
857 4309 941 4358 K.-
965 4306 1109 4368 condiendis,
1125 4308 1238 4359 VRTd.
1265 4324 1320 4355 con-
