2918 4800
407 319 478 364 nm.
495 319 597 366 mu.
626 317 705 366 cnr.
721 319 795 366 vm.
826 317 923 366 sacr.
939 318 1023 364 rano.
1231 302 1273 365 43

151 469 228 535 item
250 467 320 534 ficis
342 468 475 535 totidem
496 480 528 534 et
549 481 641 534 rutae
663 467 747 534 foliis
776 468 891 555 viginti
917 468 1011 534 simul
1040 469 1135 546 tritis,
1164 468 1275 534 addito

152 569 228 636 salis
248 592 364 655 grano,
392 581 423 635 et
445 569 500 655 qui
521 570 584 637 hoc
604 570 730 636 ieiunus
753 580 869 648 sumat,
892 570 1013 635 nullum
1036 592 1193 636 venenum
1214 591 1273 634 no-

153 671 289 738 citurum
315 671 370 736 illo
397 670 460 736 die.
504 668 628 737 Contra
659 670 779 736 rabiosi
805 693 932 756 quoque
959 671 1047 737 canis
1073 692 1216 737 morsum
1240 670 1276 736 hi

150 773 256 839 nuclei
270 772 378 839 ieiuno
392 772 520 839 homine
535 772 780 839 conmanducati
795 772 940 858 inlitique
957 773 1117 861 praesenti
1134 772 1276 840 remedio

152 895 222 940 csse
244 874 404 939 dicuntur.
1341 934 1345 941 .

194 976 245 1040 18.
266 974 375 1040 Nuces
396 973 560 1040 abellanae
581 974 697 1060 capitis
719 974 863 1042 dolorem
884 974 1006 1040 iaciunt
1028 986 1060 1040 et
1082 973 1275 1041 inflationem
1290 991 1339 1037 rso

151 1075 319 1152 stomachi3
353 1077 477 1162 corpori
505 1087 538 1140 et
565 1076 783 1164 pinguitudini
815 1077 982 1143 conferunt
1007 1077 1082 1163 plus
1108 1099 1204 1162 quam
1233 1076 1276 1142 sit

151 1177 337 1244 verisimile.
360 1177 432 1243 Hae
447 1187 550 1243 tostae
565 1189 597 1243 et
612 1177 816 1243 destillationi
842 1177 1020 1256 medentur,
1045 1178 1126 1243 tussi
1148 1199 1276 1264 quoque

150 1278 251 1345 veteri
277 1279 370 1343 tritae
397 1277 430 1343 in
457 1299 542 1362 aqua
568 1278 671 1343 mulsa
704 1291 817 1363 potae3
849 1278 981 1363 quidam
1007 1279 1149 1344 adiciunt
1175 1301 1277 1366 grana

151 1380 283 1466 piperis,
306 1379 359 1446 alii
382 1402 400 1445 e
421 1401 519 1466 passo
538 1377 664 1444 bibunt.
686 1378 829 1445 Pistocia
850 1378 981 1445 eosdem
995 1403 1073 1446 usus
1088 1393 1120 1446 et
1142 1381 1275 1448 effectus

150 1481 269 1548 habent
290 1503 373 1566 quos
393 1481 497 1547 nuclei
512 1481 600 1567 pinei
614 1492 806 1567 praeterque
820 1480 861 1545 ad
877 1482 1074 1567 serpentium
1089 1482 1183 1562 ictus,
1206 1482 1275 1548 sive

151 1583 286 1650 edantur
318 1583 386 1649 sive
419 1581 581 1647 bibantur.
625 1580 803 1648 Castaneae
830 1582 1036 1649 vehementer
1063 1584 1181 1649 sistunt
1209 1595 1275 1650 sto·

150 1685 254 1750 machi
268 1695 301 1750 et
316 1684 438 1750 ventris
452 1683 630 1762 fluctiones,
653 1684 757 1749 alvom
773 1685 867 1763 cient,
891 1686 1081 1772 sanguinem
1104 1707 1274 1752 exscrean-

151 1785 237 1852 tibus
257 1796 403 1871 prosunt,
425 1785 529 1852 carnis
551 1785 653 1850 alunt.

204 1888 255 1953 79.
288 1884 431 1972 Siliquae
463 1900 610 1952 recentes
639 1884 803 1952 stomacho
835 1886 964 1952 inutiles
990 1888 1102 1953 alvom.
1131 1888 1337 1966 solvont31sr

150 1987 281 2054 eaedem
304 1988 440 2054 siccatae
463 1988 578 2052 sistunt
607 1986 832 2071 stomachoque
859 1987 1003 2053 utiliores
1029 1988 1120 2067 liunt,
1150 1988 1276 2054 urinam

151 2089 243 2155 cient.
277 2086 430 2175 Syriacas
452 2089 485 2153 in
507 2089 616 2154 dolore
638 2088 792 2154 stomachi
815 2098 922 2154 ternas
944 2089 978 2154 in
1000 2111 1102 2174 aquae
1126 2090 1275 2156 sextariis

150 2189 307 2256 decocunt
326 2191 458 2276 qnidam
479 2190 522 2255 ad
543 2190 710 2256 dimidium
732 2212 868 2274 eumque
892 2213 1005 2256 sucum
1019 2191 1142 2257 bibunt.
1166 2188 1276 2256 Sudor

150 2291 260 2380 virgae
282 2293 371 2359 corni
393 2292 516 2359 arboris
537 2294 644 2359 lamna
658 2292 812 2358 candente
828 2291 934 2357 ferrea
948 2304 1103 2381 exceptus
1117 2315 1182 2358 non
1196 2317 1274 2360 con-

149 2393 292 2483 tingente
313 2396 402 2483 ligno
416 2395 572 2480 inlitaque
586 2395 660 2461 inde
674 2396 803 2483 ferrugo
818 2394 1000 2481 incipientis
1013 2395 1157 2461 lichenas
1172 2406 1274 2461 sanat.

148 2494 294 2562 Arbutus
327 2498 395 2564 sive
427 2498 532 2563 unedo
563 2497 703 2562 fructum
730 2496 795 2563 lert
819 2496 982 2563 difficilem
1014 2497 1210 2564 concoctioni
1242 2507 1275 2563 et

150 2597 313 2664 stomacho
333 2599 486 2665 inutilem.

192 2702 243 2767 80.
269 2700 398 2766 Laurus
420 2700 680 2767 excalfactoriam
701 2711 849 2766 naturam
870 2699 967 2765 habet
988 2712 1021 2766 et
1041 2701 1126 2767 foliis
1148 2711 1180 2766 et
1202 2709 1274 2766 cor-
1290 2715 1338 2760 roa

149 2801 210 2868 tice
233 2813 266 2869 et
287 2802 376 2871 bacis
396 2803 537 2889 itemque
559 2803 726 2870 decoctum
747 2825 789 2868 ex
808 2802 869 2882 his,
892 2825 1040 2868 maxume
1055 2803 1151 2883 loliis,
1174 2801 1273 2892 prod-

148 3007 231 3058 addito
242 3009 310 3073 sold,
322 3012 366 3061 ad.
392 3009 483 3061 additia
495 3010 559 3075 aliia,
571 3012 606 3062 V.
625 3053 656 3062 ..
680 3027 788 3073 mmmm,
804 3003 884 3062 θνα.
910 3026 1008 3074 morsus,
1027 3007 1077 3072 (1β.
1096 3053 1128 3061 ..
1153 3008 1274 3073 liuttici,

149 3078 183 3128 V.
201 3075 284 3140 nuclei,
296 3074 367 3145 asty.
385 3079 485 3142 nucleos,
497 3081 521 3130 d.
540 3121 572 3130 ..
590 3079 675 3143 ieiuno,
686 3080 743 3130 Vd.
760 3095 778 3127 o
789 3077 872 3141 rcicao,
886 3074 957 3143 asty.
971 3121 1003 3130 ..
1020 3077 1203 3141 commendaret,
1217 3080 1273 3129 Vd.

182 3148 272 3210 §¹⁵⁰-
298 3155 321 3196 et
337 3145 494 3211 inflationem,
511 3145 644 3199 VTadd.
673 3147 831 3211 inflationem,
847 3143 900 3212 βγ.
926 3150 966 3198 De
982 3148 1091 3198 nucibus
1108 3148 1233 3198 abellanis
1249 3161 1273 3196 r.

148 3213 264 3265 Dioscor.
278 3220 300 3276 l,
317 3218 372 3266 179.
391 3257 423 3266 ..
450 3216 543 3279 corpori
558 3223 580 3264 et
592 3214 763 3282 pinguitudini,
779 3218 852 3266 Tad.
879 3215 975 3278 corpori
988 3213 1227 3278 etiopirrpar'trrdirri,
1239 3214 1273 3264 V.

149 3289 173 3328 et
179 3281 222 3344 pia
239 3281 368 3331 citudinem
380 3284 481 3347 corpori,
493 3281 520 3332 d.
545 3291 568 3333 ct
579 3281 722 3348 pinquedirri
735 3283 849 3347 corporis,
860 3277 890 3344 β.
913 3289 936 3329 st
949 3280 1113 3344 pinpoitudim'
1123 3280 1236 3344 corporis,
1248 3294 1274 3345 γ.

148 3350 190 3399 Ex
243 3356 267 3398 ct
279 3350 447 3415 prbyraemdr'oe
463 3359 501 3401 cst
516 3360 660 3410 enotntnm,
679 3352 710 3400 de
725 3365 788 3400 roco
804 3348 899 3412 corpori
913 3350 978 3399 nihil
993 3350 1116 3398 additum.
1139 3346 1235 3412 corpori
1249 3347 1275 3396 io

144 3415 333 3481 piaprcitrodirrerrr
349 3420 390 3470 vel
406 3419 431 3468 in
444 3416 618 3484 firmitudine,
637 3418 717 3469 Gron.
740 3457 771 3467 ..
800 3417 834 3465 rit
849 3415 981 3477 redimite,
998 3416 1052 3467 Td.
1078 3423 1132 3464 aaut
1148 3414 1275 3465 verisimile

148 3492 190 3547 ert,
200 3485 233 3536 V.
251 3485 384 3548 verisimile,
394 3503 417 3536 a.
430 3527 462 3537 ..
480 3485 537 3536 Hcs
549 3493 631 3547 tostae,
640 3486 672 3537 T.
690 3485 760 3536 Haec
773 3492 854 3546 motor,
867 3485 891 3535 d.
909 3491 944 3533 cst
955 3492 1029 3542 ortae,
1038 3485 1072 3534 V.
1095 3483 1189 3545 Tortor,
1202 3477 1273 3548 asty.

149 3593 181 3602 ..
200 3554 295 3615 ct,Va.
314 3553 371 3606 Orn.
386 3555 410 3604 d.
429 3594 460 3603 ..
485 3551 642 3615 distillationi,
654 3554 688 3604 V.
708 3594 739 3604 ..
763 3552 876 3615 ramata,
888 3554 942 3604 Vd.
966 3552 1067 3602 turritae
1078 3553 1146 3614 ima.
1170 3550 1276 3601 trituret

147 3617 180 3681 io,
196 3616 247 3685 βγ.
266 3661 298 3672 ..
320 3619 423 3686 quidem,
435 3622 470 3672 V.
489 3662 520 3672 ..
542 3622 622 3686 proni,
634 3622 668 3672 V.
688 3662 720 3672 ..
739 3637 808 3686 poso,
822 3622 854 3672 V.
874 3663 904 3671 -
928 3620 1124 3682 Prramvu
1151 3619 1274 3683 Prirtccro,

147 3688 198 3738 V't
225 3687 338 3751 Pbmctr,
355 3691 379 3739 d.
398 3690 430 3740 V.
443 3691 560 3741 Dioscor.
575 3696 597 3752 l,
613 3693 669 3742 177.
688 3730 720 3740 ..
743 3697 766 3739 ct
781 3689 930 3756 assecuralt'.
948 3690 1038 3741 Omitt.
1050 3689 1123 3740 Tad.
1142 3728 1173 3737 -
1197 3685 1275 3738 nuclei

143 3754 219 3819 pinei
232 3756 308 3807 Vad.
324 3756 392 3821 pinei
402 3757 484 3819 rachi,
495 3753 545 3822 βγ.
565 3798 596 3807 -
612 3765 747 3822 praetereo,
760 3759 835 3808 codd.
847 3758 962 3808 Barbari.
982 3798 1013 3806 -
1031 3753 1072 3817 od,
1085 3757 1130 3807 ad.
1151 3771 1176 3818 o,
1189 3756 1221 3807 V.
1242 3796 1273 3806 ..

149 3819 277 3886 Castorea,
289 3825 323 3875 V.
343 3865 373 3874 -
392 3824 542 3887 stomachum,
556 3827 588 3877 T.
607 3868 638 3878 ..
657 3824 712 3874 oloo
723 3825 785 3874 citae
797 3832 820 3874 ct
830 3823 978 3890 ronpuiocm,
991 3824 1024 3874 Κ.

181 3890 196 3951 ξ
212 3896 269 3942 151.
291 3890 380 3954 cadero,
392 3894 426 3943 V.
444 3894 485 3944 De
497 3895 594 3959 siliquis
606 3909 629 3945 v.
643 3894 760 3944 Dioscor.
776 3899 797 3954 l,
813 3898 869 3944 158.
888 3932 920 3942 -
937 3906 1016 3954 oquae
1027 3890 1147 3954 amtoriia
1159 3909 1175 3943 a
1187 3889 1273 3956 (codd.

147 3958 275 4023 Barbari).
303 3976 369 4024 aquo
379 3961 500 4024 cextoriri,
512 3963 544 4010 V.
572 3976 638 4024 uqao
652 3961 779 4022 sector-ior,
797 3962 821 4009 (1.
840 4000 871 4009 ..
896 3957 1034 4022 decoquant,
1046 3959 1080 4010 V.
1098 3999 1131 4010 ...
1153 3959 1272 4010 ooroicr-

148 4025 219 4088 boria,
231 4043 255 4077 a.
273 4035 296 4078 ct
307 4043 380 4078 cornu
391 4029 492 4092 arborib,
501 4030 556 4081 Vd.
574 4027 669 4077 arboria
680 4043 693 4075 e
704 4044 785 4089 corna,
796 4028 827 4077 Τ.
841 4066 872 4076 ..
891 4025 979 4088 lomna,
993 4019 1052 4077 OV.
1071 4020 1169 4091 lomina,
1181 4022 1273 4092 adssr.

148 4135 179 4144 ..
202 4093 316 4145 condente
324 4096 420 4158 ferreo,
437 4098 514 4148 Vad.
535 4098 623 4161 ferreo
638 4094 760 4158 condente,
776 4090 827 4160 βγ.
851 4135 882 4144 ..
907 4110 1017 4161 per-rupo,
1033 4096 1067 4146 V.
1090 4138 1122 4148 ..
1149 4093 1232 4157 unedo,
1249 4110 1272 4145 a.

147 4161 230 4224 coede,
242 4165 276 4214 V.
294 4162 407 4224 unedone,
420 4167 444 4215 d.
462 4166 503 4215 De
514 4165 563 4215 hac
575 4165 667 4215 arbore
678 4179 701 4212 v.
714 4164 832 4215 Dioscor.
848 4168 870 4224 1,
886 4164 941 4213 lto.
960 4204 990 4214 -
1010 4161 1129 4227 dificilem,
1141 4165 1175 4215 V.

181 4233 196 4296 5
211 4235 268 4283 112.
287 4231 393 4296 itemque,
406 4224 535 4283 cvras.
553 4231 641 4296 itaque,
650 4226 701 4298 βγ.
713 4232 754 4283 De
766 4233 841 4283 lauru
849 4245 872 4281 r.
881 4231 999 4284 Dioscor.
1011 4238 1034 4294 1,
1046 4238 1103 4284 loo.
1115 4272 1146 4283 ...
1158 4228 1240 4297 soliis,
1249 4245 1272 4280 a.

139 4296 265 4364 solitique,
277 4300 334 4352 Vd.
358 4314 371 4349 c
376 4297 457 4364 fobi'r,
468 4294 519 4366 βγ.
