2918 4800
391 301 461 345 um.
479 299 604 360 11111111,
635 297 713 344 aar.
730 299 803 343 v111.
833 298 930 344 sacr.
946 300 977 341 rs.
993 300 1022 342 ra
1202 281 1263 344 287

144 463 253 516 tuetur
283 451 518 532 instillaturque
545 449 715 514 morsibus.
755 446 821 513 Cor
849 449 1010 512 adnexum
1036 449 1069 510 in
1096 447 1169 512 lana
1195 448 1264 512 ovis

141 553 253 637 nigrae
276 552 328 615 cui
350 551 457 615 nullus
479 551 560 615 alius
583 552 668 616 colos
689 550 900 615 incursaverit
921 562 954 614 et
974 549 1077 634 primo
1092 562 1189 634 partu
1204 573 1263 635 ge-

141 653 227 717 nitae
250 662 422 736 quartanas
444 651 574 737 abigere
597 651 723 715 dicitur.

185 757 236 818 29.
273 753 450 840 Iungemus
475 753 536 817 illis
560 752 718 817 simillima
740 764 773 816 et
793 752 964 837 peregrina
992 770 1094 836 aeque
1116 752 1264 816 animalia
1281 774 1327 818 rm

142 857 296 941 priusque
324 854 580 919 chamaeleonem
608 853 762 939 peculiari
791 853 952 918 volumine
980 854 1114 938 dignum
1142 853 1262 917 existu-

141 967 263 1020 matum
285 955 473 1021 Democrito
501 978 539 1019 ac
567 977 625 1040 per
654 955 781 1039 singula
808 955 950 1020 membra
978 955 1178 1019 desecratum
1201 978 1264 1018 non

143 1058 211 1122 sine
232 1081 351 1143 magna
373 1058 536 1142 voluptate
558 1067 679 1132 nostra,
708 1056 845 1142 cognitis
871 1056 1069 1142 proditisque
1091 1056 1265 1120 mendaciis

144 1158 289 1225 Graecae
319 1159 479 1224 vanitatis.
518 1155 639 1223 Similis
668 1171 700 1221 et
729 1158 948 1246 magnitudine
977 1171 1025 1223 est
1053 1181 1150 1245 supra
1179 1159 1265 1223 dicto

143 1261 318 1338 crocodilo,
348 1259 459 1344 spinae
488 1272 611 1325 tantum
637 1261 779 1324 acutiore
807 1273 979 1324 curvatura
999 1272 1033 1325 et
1053 1261 1174 1325 caudae
1197 1283 1264 1324 am-

143 1362 300 1447 plitudine
330 1360 461 1425 distans.
503 1360 633 1426 Nullum
667 1361 784 1426 animal
816 1360 966 1446 pavidius
995 1361 1208 1425 existumatur
1236 1371 1267 1426 et
1281 1384 1329 1427 im

143 1463 216 1528 ideo
244 1462 443 1527 versicoloris
469 1485 539 1527 esse
566 1463 761 1529 mutationis.
795 1462 855 1527 Vis
883 1463 952 1527 eius
978 1485 1130 1527 maxuma
1156 1475 1267 1528 contra

144 1563 331 1648 accipitmm
353 1587 475 1650 genus3
504 1564 669 1628 detrahere
691 1564 775 1628 enim
800 1564 1056 1647 supervolantem
1078 1564 1119 1628 ad
1143 1588 1177 1629 se
1200 1579 1265 1628 tra-

144 1665 229 1728 ditur
251 1676 282 1729 et
303 1663 516 1728 voluntarium
539 1664 695 1750 praebere
709 1665 911 1729 lacerandum
934 1666 1049 1730 ceteris
1065 1666 1266 1731 animalibus.

145 1764 254 1851 Caput
276 1765 347 1831 eius
370 1777 402 1830 et
424 1777 536 1850 guttur
559 1765 743 1830 siroboreis
757 1766 854 1850 lignis
869 1766 1094 1844 accendantur,
1116 1766 1267 1831 imbrium

144 1881 177 1931 et
199 1868 374 1932 tonitruum
397 1889 569 1932 concursus
592 1867 698 1932 facere
713 1865 920 1931 Democritus
939 1879 1064 1942 narrat3
1087 1869 1164 1932 item
1176 1868 1281 1934 iocur.

144 1971 177 2033 in
201 1969 316 2055 tegulis
339 1981 457 2033 ustum.
480 1967 617 2051 Reliqua
638 1968 679 2032 ad
701 1969 855 2033 veneficia
876 1969 1067 2054 pertinentia
1080 1991 1163 2053 quae
1179 1971 1265 2049 dicit,
1283 1993 1329 2036 111

146 2092 339 2155 quamquam
366 2071 447 2135 falsa
474 2072 706 2135 existumantes
733 2072 929 2148 omittemus,
959 2083 1184 2156 praeterquam
1211 2074 1267 2138 ubi

145 2173 246 2238 inrisu
268 2173 517 2259 coarguendum.
546 2172 671 2236 Dextro
694 2172 796 2250 oculo,
821 2172 848 2236 si
871 2172 989 2237 viventi
1011 2185 1152 2254 eruatur,
1176 2175 1267 2241 albu-

145 2273 236 2358 gines
258 2274 421 2339 oculorum
444 2297 517 2338 cum
539 2273 621 2339 lacte
643 2274 776 2358 caprino
799 2274 876 2351 tolli,
897 2275 1008 2360 lingua
1024 2276 1195 2364 adalligata
1210 2280 1277 2362 pe·¹

145 2376 247 2440 ricula
267 2377 435 2461 puerperi3
460 2376 599 2440 eundem
621 2377 790 2440 salutarem
807 2399 880 2441 esse
894 2376 1157 2463 parturientibus,
1182 2379 1208 2442 si
1227 2378 1270 2443 sit

146 2477 247 2553 domi,
278 2478 304 2541 si
326 2500 403 2542 vero
423 2477 597 2557 inferatur,
627 2479 940 2564 perniciosissimum.
973 2479 1137 2567 Linguam
1165 2480 1191 2545 si
1219 2481 1268 2544 vi·

146 2578 233 2642 venti
261 2578 412 2664 adempta
439 2579 482 2643 sit
508 2580 550 2644 ad
576 2580 768 2645 iudiciorum
795 2592 927 2645 eventus
955 2583 1091 2667 pollere,
1128 2605 1183 2647 cor
1209 2581 1268 2645 ad·

146 2702 259 2744 versus
274 2691 448 2763 quartanas
461 2681 629 2767 inligatum
644 2682 718 2745 lana
731 2681 825 2768 nigra
836 2683 959 2768 primae
971 2695 1128 2749 tonsurae.
1147 2683 1267 2747 Pedem
1284 2701 1330 2746 ns

145 2884 297 2948 VR(codd.
309 2888 437 2952 Barbari).
464 2906 494 2937 oc
510 2890 565 2938 vitio
581 2897 764 2952 menstruatum,
783 2893 807 2940 d.
834 2891 890 2941 citio
905 2900 1110 2952 acrecurvatura,
1122 2910 1142 2943 r.
1169 2891 1268 2941 uitioac

145 2962 319 3016 recurvaturae,
337 2958 393 3005 cod.
407 2957 514 3008 Salmas.
527 2973 610 3008 exerc.
622 2974 646 3022 p.
661 2965 718 3009 613.
730 2959 754 3007 b.
768 2959 809 3020 A,
829 2961 872 3023 qni
890 2966 980 3007 tautum
992 2967 1017 3007 ut
1029 2959 1053 3007 io
1063 2959 1127 3023 pisce
1139 2968 1268 3009 curvatura

145 3022 215 3083 legit.
235 3064 265 3071 -
285 3022 360 3085 caule,
372 3027 395 3075 d.
410 3066 440 3072 -
460 3024 615 3088 amplitudine
627 3025 727 3087 distans,
741 3029 756 3075 d
769 3025 838 3087 (cod.
852 3025 973 3090 Salmas.)
991 3025 1177 3090 amplitudinem,
1187 3028 1249 3077 VR.

180 3135 195 3195 ᾗ
209 3138 265 3182 113.
283 3131 478 3195 supervolantem,
492 3128 631 3184 &vltra
648 3150 724 3197 supra
736 3133 859 3195 volumem,
870 3131 899 3196 β.
920 3177 946 3184 -
969 3144 999 3196 et,
1012 3137 1064 3186 Rd.
1083 3136 1112 3197 er',
1126 3138 1158 3186 V.
1178 3177 1208 3185 ..
1227 3154 1267 3186 vo-

146 3197 280 3259 luntarium,
293 3202 377 3250 VRd.
399 3198 538 3257 devolutum,
550 3204 596 3254 K'.
619 3200 736 3250 uolucrum
745 3219 785 3265 pr.
798 3201 960 3264 lacerandam,
972 3204 1022 3253 K2.
1044 3212 1124 3266 sponte
1135 3221 1187 3264 sua,
1201 3206 1266 3256 Gall.

147 3309 177 3315 -
197 3283 330 3325 concursus,
341 3271 372 3319 R.
392 3285 482 3330 cursus,
494 3271 550 3319 Vd.
571 3310 601 3318 -
620 3269 692 3330 iocur,
705 3270 738 3318 V.
758 3269 829 3331 iecur,
841 3266 943 3334 Rdfly.

180 3391 194 3451 s
209 3398 264 3443 114.
283 3379 405 3457 arur
417 3393 514 3457 (itum
526 3395 541 3452 t,
554 3397 590 3445 uu
603 3397 709 3458 videtur,
723 3393 814 3458 erasa).
830 3437 860 3445 ,
874 3404 1002 3460 amquam,
1013 3400 1061 3448 nr.
1079 3399 1116 3448 At
1127 3399 1193 3450 run.
1206 3400 1268 3450 aaa

146 3475 181 3520 se,
200 3475 354 3525 quamquam
371 3465 418 3512 illa
434 3465 555 3513 veneficia
570 3463 637 3513 falsa
652 3478 734 3527 eoque
750 3464 844 3514 nemini
861 3466 975 3515 nocitura
987 3468 1122 3527 existimet,
1140 3475 1225 3518 tamen
1237 3483 1268 3518 ea

147 3528 271 3590 omittere,
288 3531 336 3581 nisi
350 3532 392 3580 ubi
403 3532 566 3582 Democritus
578 3533 633 3595 ipso
646 3533 719 3581 irrisu
731 3531 860 3592 refutetur,
880 3534 998 3584 omittere
1015 3549 1045 3584 ea
1062 3536 1093 3583 de
1106 3551 1189 3598 cansa,
1208 3537 1267 3599 quia

147 3596 285 3646 timendum
303 3606 387 3648 tamen
405 3601 445 3661 sit,
463 3614 495 3648 ne
512 3600 567 3663 quis
583 3600 614 3649 iis
626 3605 712 3649 utatur
725 3602 797 3650 etita
809 3610 854 3650 aut
865 3602 912 3651 sibi
924 3608 968 3651 ant
979 3602 1035 3652 aliis
1047 3603 1158 3667 aliquam
1170 3619 1266 3653 noxam

147 3662 243 3713 afferat.
267 3706 297 3714 -
325 3664 505 3732 coarguendum,
523 3671 539 3718 d
556 3664 641 3730 (codd.
660 3665 732 3731 Get.)
758 3669 941 3733 coarguentium,
958 3671 1020 3720 VR.
1047 3669 1215 3735 coarguendus,
1233 3673 1266 3722 K.

145 3730 187 3779 Ex
204 3733 357 3794 optimorum
378 3736 497 3785 librorum
515 3736 627 3798 vestigiis
643 3737 802 3786 scribendum
819 3739 927 3788 videtur:
950 3746 1119 3801 praeterquam
1137 3739 1179 3788 ubi
1194 3739 1266 3788 irrisu

146 3807 294 3862 coarguetur.
317 3799 370 3851 Iam
383 3801 466 3851 dextro
482 3805 537 3853 rell.
560 3802 640 3852 Irrisu
655 3804 806 3855 Danocritus
823 3805 960 3869 coarguitur
976 3808 1064 3856 codem
1077 3809 1154 3856 modo
1168 3809 1266 3870 dicitur,
1357 3858 1362 3869 ,

147 3882 198 3929 quo
219 3881 291 3928 quam
311 3868 448 3917 seutentiam
467 3879 593 3932 proventus
613 3871 722 3936 coarguit
741 3878 842 3932 11,46.,
866 3881 1024 3935 coarguuntur
1039 3889 1161 3922 cervarum
1178 3884 1267 3924 natura

149 3940 267 3994 11,12Β.,
291 3932 346 3982 libet
361 3934 422 3983 lanc
439 3945 531 3998 partem
547 3936 691 4001 singulorum
708 3939 852 3988 couscientia
868 3956 995 4004 coarguere
1012 3947 1052 4002 28,
1070 3947 1111 3991 22.
1137 3945 1267 3995 Particula

146 4016 204 4050 vero
217 4001 265 4049 iam
279 4017 311 4051 ex
322 4018 370 4051 usn
382 4003 501 4052 Pliniana
514 4003 549 4065 (v.
563 4008 594 4054 ed
606 4011 647 4065 33,
663 4005 732 4067 159.)
749 4008 851 4057 inservit
863 4009 986 4071 exemplis
998 4012 1180 4061 enumerandis.
1199 4013 1265 4063 Scri·

146 4080 220 4130 ptura
231 4069 335 4131 vulgata
345 4071 532 4132 interpolationi
546 4073 629 4121 debita
641 4082 782 4122 contortam
794 4077 873 4125 modo
886 4075 1082 4138 explicationem
1095 4081 1214 4130 admittit.
1232 4122 1263 4131 ..

147 4134 257 4199 alligata,
269 4155 288 4186 r.
310 4179 339 4186 -
356 4137 510 4200 parientibus,
523 4141 595 4188 codd.
608 4139 664 4189 Gel.
685 4181 714 4189 ..
737 4140 760 4188 εἰ
769 4141 807 4201 rit,
821 4144 837 4190 d
849 4141 936 4204 (codd.
950 4142 1020 4207 Get.)
1043 4145 1103 4206 sisti,
1116 4148 1176 4197 VR.
1201 4148 1266 4197 circa

148 4201 248 4263 domum,
260 4207 293 4257 K.
312 4247 342 4255 ..
367 4205 404 4253 siu
416 4221 470 4265 vero
481 4203 588 4255 domibus
598 4205 708 4268 infertur,
721 4225 739 4256 r.
760 4249 790 4257 ..
815 4208 933 4274 adempta,
946 4213 1000 4262 Vd.
1028 4222 1142 4278 eranpta,
1155 4212 1212 4277 Ββ.
1237 4256 1262 4264 ..

148 4268 205 4318 laua
217 4272 295 4335 niqra,
308 4275 391 4327 VRd.
409 4272 479 4338 niqra
492 4272 557 4336 loca,
568 4270 619 4339 197.
