2918 4800
188 307 250 369 148
536 315 743 363 sannarum
765 315 962 362 msroumt

187 470 389 536 Verbascum
416 468 580 555 epiphoris
604 467 787 552 inponitur,
813 467 1010 552 peristereos
1035 489 1078 531 ex
1105 488 1240 532 rosaceo
1260 467 1313 531 vel

186 583 286 637 aceto.
323 571 379 634 Ad
406 569 604 655 hypochysis
628 579 662 633 et
690 567 863 655 caliginem
891 567 1091 651 cyclamiuou
1112 568 1146 630 in
1167 567 1312 653 pastillos
1343 586 1347 591 ·

107 740 112 749 ,
186 673 323 751 diluunt,
344 671 523 758 peucedani
545 691 669 747 sucum,
691 680 728 734 ut
745 669 898 745 diximus,
919 669 963 732 ad
983 668 1159 734 claritatem
1179 681 1213 732 et
1233 669 1312 732 eali-

185 777 279 864 gines
299 798 373 840 cum
394 773 540 839 meconio
562 783 595 837 et
615 793 756 837 rosaoeu
792 770 941 855 Psyllion
967 771 1094 836 inlitum
1122 772 1221 836 fronti
1241 772 1312 857 epi·

185 876 303 963 phoras
325 874 505 961 suspendit.

227 976 329 1042 XIII.
351 977 403 1041 92.
424 973 621 1062 Anagallida
641 973 742 1058 aliqui
763 973 938 1039 corchoron
952 987 1078 1039 vocant,
1099 975 1178 1040 Duo
1191 997 1313 1064 genera
1328 993 1376 1036 ttt

186 1079 272 1144 eius:
295 1102 366 1144 mas
378 1078 457 1142 flore
471 1077 636 1163 poeniceo,
656 1075 776 1140 femina
791 1077 949 1155 caeruleo,
971 1100 1037 1141 uon
1050 1077 1180 1143 altiores
1194 1080 1312 1164 palmo,

186 1181 304 1246 Iratice
326 1192 453 1257 tenero,
480 1178 566 1244 loliis
586 1177 730 1265 pusillis,
757 1178 924 1256 rotundis,
953 1179 987 1242 in
1009 1191 1096 1243 terra
1115 1179 1311 1257 iacentibus3

187 1294 362 1348 nascuntur
375 1282 410 1346 in
423 1280 524 1347 hortis
538 1295 570 1346 et
585 1279 731 1363 aquosis3
746 1280 835 1365 prior
848 1279 942 1345 floret
955 1296 989 1345 et
999 1281 1157 1346 caerulea.
1179 1279 1312 1345 Utrius-

187 1407 250 1469 que
271 1406 369 1450 sucus
390 1383 555 1449 oculorum
576 1381 747 1468 caliginem
767 1382 901 1447 discutit
921 1405 996 1448 cum
1013 1382 1107 1448 melle
1128 1393 1162 1447 et
1182 1405 1224 1446 ex
1244 1382 1312 1446 ictu

187 1506 334 1551 cruorem
354 1497 387 1550 et
407 1506 539 1571 argema
560 1483 691 1559 rubens,
713 1483 817 1571 magis
839 1507 913 1549 cum
928 1481 1041 1550 Attico
1055 1484 1148 1549 melle
1160 1483 1312 1548 inunctis.

188 1586 335 1673 Pupillus
361 1586 474 1652 dilatat
501 1598 534 1651 et
558 1585 632 1650 ideo
658 1585 718 1650 hac
744 1585 946 1671 inungtmtur
971 1598 1047 1651 ante
1071 1586 1191 1670 quibus
1217 1608 1313 1672 para·
1363 1601 1368 1606 '

188 1688 326 1754 ceutesis
338 1687 385 1753 fit.
406 1687 625 1754 Iumentorum
638 1709 768 1770 quoque
781 1687 884 1752 oculis
896 1688 1074 1752 medentur.
1099 1685 1205 1753 Sucus
1216 1697 1315 1772 eaput

188 1801 307 1875 purgat
326 1811 385 1874 per
405 1789 493 1854 naris
514 1788 641 1855 influus
661 1789 707 1852 ita
727 1800 766 1853 ut
786 1788 903 1856 deinde
924 1789 999 1855 vino
1021 1789 1205 1868 conluatur3
1227 1787 1313 1853 hibi·
1374 1814 1378 1819 ·

190 1901 242 1954 tur
263 1901 296 1955 et
317 1902 428 1957 contra
448 1889 566 1979 anguis
589 1890 659 1956 suci
681 1889 834 1955 drachma
853 1891 889 1955 in
910 1891 994 1955 vino.
1022 1890 1146 1954 Mirum
1161 1890 1249 1973 quod
1263 1890 1313 1954 fe-
1328 1902 1377 1947 1⁴⁵

190 1992 310 2057 minam
324 2015 441 2079 peoora
458 1993 575 2067 vitant3
600 2002 634 2056 at
648 1992 676 2056 si
690 1991 826 2078 decepta
841 1992 1058 2070 similitudine,
1076 2047 1117 2056 -
1135 1992 1214 2056 flore
1228 1991 1315 2056 enim

191 2104 314 2158 tuntum
335 2096 465 2172 distant,
477 2150 517 2159 -
537 2094 760 2180 degustavere,
783 2095 892 2159 statim
915 2118 985 2164 eam
999 2116 1083 2178 quae
1097 2092 1190 2177 asyla
1202 2093 1314 2179 appel-

190 2195 275 2258 latur
295 2195 328 2259 in
349 2196 492 2261 remedia
505 2207 681 2279 quaerunt;
704 2219 744 2261 ea
764 2219 785 2259 a
804 2196 923 2261 nostris
939 2197 1027 2261 ierus
1041 2195 1154 2260 oculus
1169 2205 1314 2261 vocatur.

189 2295 398 2383 Praecipiunt
412 2296 511 2380 aliqui
531 2296 697 2362 effossuris
718 2307 792 2362 ante
808 2299 883 2363 solis
897 2309 1003 2362 ortum
1018 2297 1208 2382 priusquam
1222 2295 1314 2380 quic-

190 2418 287 2479 quam
309 2397 397 2461 aliud
418 2399 592 2481 loquantur
613 2397 751 2462 salutare
767 2421 849 2476 eam,
872 2399 1031 2464 sublatam
1046 2397 1246 2482 exprimere3
1270 2396 1316 2459 ita

190 2498 379 2584 praecipuas
401 2521 473 2565 esse
496 2498 582 2564 viris.
615 2499 669 2565 De
690 2499 893 2586 euphorbeae
915 2523 992 2566 suco
1014 2499 1091 2564 satis
1112 2499 1232 2563 dictum
1256 2509 1314 2562 est.

191 2671 247 2721 Hae
264 2674 378 2724 codicum
396 2675 535 2739 scripturae
550 2676 637 2724 locum
653 2674 835 2740 interpolatum
851 2690 906 2724 esse
923 2677 1022 2735 docent,
1039 2681 1065 2724 et
1080 2673 1124 2723 vix
1140 2673 1237 2732 dubito,
1253 2673 1315 2734 quin

191 2739 289 2790 Plinius
303 2738 422 2805 Calipiaes
434 2740 588 2791 aristolochia
600 2741 703 2806 durarit,
720 2743 774 2792 item
786 2742 857 2791 theru
868 2741 1006 2807 adalltpata
1016 2741 1098 2806 capiti.
1124 2739 1314 2803 Quinquesolium

191 2806 318 2870 epiphoras
327 2810 461 2873 scripserit.
481 2851 512 2860 -
531 2809 657 2938 Ziphoru‘r,
669 2827 692 2860 a.
712 2851 743 2860 ..
766 2827 803 2872 ex,
815 2813 893 2861 Vad.
911 2817 941 2870 et,
953 2812 985 2860 R.
1004 2851 1036 2859 ..
1058 2808 1205 2874 hypocr-yso,
1216 2824 1239 2858 a
1255 2824 1315 2872 ypo-

191 2873 253 2935 cha,
266 2876 349 2941 VRd.
368 2875 519 2943 hypochysin,

192 2941 277 2992 VTd.
295 2943 414 3010 cyclameu
426 2945 451 2994 ia
461 2944 579 3009 pastillos,
591 2964 614 2996 a.
633 2945 725 3012 cyclum
736 2946 746 2995 i
754 2944 874 3008 pastillos,
886 2948 917 2996 R.
940 2944 1052 3019 dp'pestum
1065 2945 1090 2994 ia
1099 2943 1218 3009 pastillos,
1230 2944 1263 2993 K.
1283 2983 1313 2992 ..
1374 2966 1378 2975 ·

191 3007 325 3077 diuimur§
346 3019 401 3064 118.
425 3053 458 3064 ..
485 3011 587 3077 Spiliou,
607 3006 716 3066 Ovua.
743 3012 862 3078 Spylliou‚
880 3015 904 3063 d.
932 3009 963 3062 L
995 3011 1095 3075 inlitum,
1112 3014 1166 3063 Vd.
1196 3011 1315 3072 illinitum,

192 3074 292 3142 Raflr.
306 3120 336 3129 ..
354 3080 491 3145 suspendat,
504 3082 550 3132 V¹.

225 3145 240 3208 ξ
256 3152 312 3198 144.
330 3146 488 3213 Auapallido,
501 3165 525 3200 u.
543 3146 699 3211 Anaeallidu‚
711 3150 796 3201 VRd.
815 3191 846 3198 -
870 3148 1004 3210 corchorou,
1016 3149 1134 3200 Dioscor.
1147 3155 1171 3210 2,
1183 3153 1241 3198 209.
1259 3163 1314 3196 aco·

191 3231 251 3276 rum,
271 3209 384 3267 OVRd.
410 3233 505 3280 ucorou
521 3233 544 3267 a.
570 3233 668 3279 acaron,
685 3235 704 3269 r.
733 3259 764 3268 ..
788 3217 906 3282 poeniceo,
922 3218 956 3267 V.
983 3216 1117 3280 plumato,
1133 3211 1254 3280 Radsty.
1282 3256 1313 3264 -

183 3282 297 3346 fructice,
309 3286 341 3335 R.
361 3325 392 3335 ..
412 3284 492 3347 teneri,
505 3286 539 3335 V.
558 3326 590 3335 -
605 3285 721 3349 pausillis,
731 3287 766 3337 V.
789 3326 820 3335 -
843 3285 868 3334 iu
886 3293 950 3334 terra
965 3285 1102 3345 iacentibus,
1114 3285 1198 3334 Vlla.
1216 3282 1314 3331 interiu-

192 3352 301 3412 centibus,
314 3354 367 3403 Τὰ.
386 3351 411 3401 iu
424 3361 488 3402 terra
500 3353 630 3402 urentibus
641 3353 773 3414 cauliculis,
785 3370 804 3403 r.
828 3394 860 3403 -
876 3353 953 3417 floret
963 3361 992 3415 et,
1005 3354 1037 3403 R.
1047 3351 1129 3416 floret,
1142 3346 1263 3415 Vadiiy.
1282 3391 1313 3398 -

191 3416 244 3481 icto,
257 3420 319 3469 VR.
340 3461 370 3469 -
390 3437 506 3482 auorum
518 3421 552 3471 V.
566 3462 597 3471 ..
615 3422 725 3482 rubentis,
737 3422 769 3472 K.
784 3463 815 3471 ..
827 3421 936 3481 inunctis,
948 3422 1024 3471 vas.
1043 3420 1139 3479 irruatis,
1148 3421 1180 3469 R.
1199 3419 1314 3477 inunctus,

191 3488 223 3537 K.
248 3528 278 3536 -
303 3486 356 3548 hac,
373 3481 483 3539 &Vua
510 3487 596 3549 huus.
623 3488 672 3549 hoc,
684 3485 735 3555 βγ.
765 3530 795 3538 -
822 3487 946 3550 colluatur,
959 3492 1004 3539 ad.
1023 3487 1121 3551 uehitur,
1133 3488 1196 3537 VR.
1208 3484 1314 3535 colluan-

195 3563 241 3615 tur,
254 3556 286 3605 K.
306 3597 336 3605 ..
357 3554 481 3616 draconta,
492 3556 524 3606 R.

226 3625 240 3687 ξ
255 3629 311 3673 145.
328 3623 447 3687 seminum
459 3639 554 3686 pecora,
567 3626 591 3672 d.
606 3624 704 3687 semina
712 3640 808 3688 pecora,
820 3624 904 3674 vua.
925 3640 1014 3688 pecora
1021 3623 1149 3689 seminant,
1160 3617 1211 3685 βγ.
1229 3661 1261 3669 -
1280 3618 1314 3667 vt'·

192 3698 291 3750 vaut,a.
311 3732 341 3741 -
361 3698 411 3752 aut,
424 3692 528 3741 VRad.
548 3733 578 3741 -
606 3690 758 3756 ἅεεαρῑα,Β.
787 3733 817 3740 ..
844 3691 1028 3755 similitudmem,
1042 3692 1105 3742 VR.
1123 3729 1155 3738 ..
1173 3702 1262 3736 marem
1274 3684 1314 3734 de-

190 3765 324 3822 pustavere,
336 3760 369 3809 Κ,
389 3800 419 3809 -
444 3758 525 3808 eodem
538 3775 599 3823 quae
611 3758 688 3824 asyla,
702 3775 724 3810 a.
744 3758 851 3823 eademq,·
862 3759 952 3822 casula,
964 3761 996 3810 R.
1015 3745 1097 3809 eddam
1113 3771 1174 3820 quae
1186 3753 1278 3816 casula,
1290 3756 1314 3804 d.

192 3825 293 3874 moriuut
310 3826 436 3891 eademque
451 3825 542 3888 casula,
560 3828 585 3877 V
603 3824 661 3890 (sed
673 3827 774 3876 muriunt
784 3829 810 3876 in
821 3830 872 3878 fine
883 3829 964 3878 lineae
976 3829 1028 3878 alia
1038 3842 1128 3878 manus
1140 3825 1267 3875 addidisse
1278 3823 1314 3870 vi-

193 3891 286 3955 dntur).
307 3935 338 3943 ..
357 3894 470 3958 remedia,
483 3896 616 3946 VRTad.
635 3894 743 3955 remedio,
755 3891 807 3960 βγ.
835 3937 865 3945 -
892 3912 930 3955 ea,
942 3899 976 3947 V.
995 3898 1083 3948 Onia.
1096 3895 1170 3945 Rad.
1199 3933 1229 3941 -
1249 3889 1316 3954 feris

192 3959 274 4021 oculis,
286 3961 391 4013 VRad.
411 4005 442 4012 -
462 3972 583 4025 vocantur,
596 3964 657 4013 vlt.
677 4006 707 4013 -
733 3962 867 4027 loquantur,
879 3965 986 4015 VRad.
1006 3971 1119 4028 opaut,.r.
1137 3962 1213 4022 aiant,
1225 3960 1315 4008 Dalec.

194 4069 223 4077 ..
242 4027 355 4091 salutare,
368 4030 471 4081 vitat.
492 4038 526 4080 ter
537 4030 651 4093 solutore,
664 4028 714 4097 βγ.
734 4074 765 4082 ..
784 4047 843 4089 eum,
855 4047 878 4082 a.
892 4074 922 4082 ..
941 4030 1066 4092 sublatam,
1079 4031 1185 4081 VRad.
1205 4036 1250 4076 tum
1262 4027 1316 4075 suh·

192 4092 337 4160 laturussy.
362 4139 391 4147 -
416 4115 471 4161 esse,
485 4100 558 4149 Rad.
577 4099 621 4148 has
637 4116 694 4160 esre,
706 4101 740 4150 V.
763 4141 794 4150 -
818 4099 964 4164 euphorbeae
974 4116 1039 4161 suco,
1057 4092 1168 4149 OVRd.
1186 4094 1316 4160 euphorbus

190 4179 288 4234 sacua.
307 4163 429 4228 euphorhii
439 4184 516 4228 succa,
529 4169 583 4232 Τγ.
602 4167 729 4232 euphorbio
740 4184 815 4228 succo,
827 4186 846 4218 r.
861 4163 998 4232 capharuth,
1010 4163 1039 4229 β.
1052 4209 1083 4218 ..
1101 4165 1187 4215 dictum
1201 4162 1261 4224 est§
1276 4167 1315 4213 78.

192 4272 221 4280 -
241 4230 403 4296 Lippitudiui,
420 4228 593 4286 UVRTadr.
611 4236 677 4285 cuius
688 4253 769 4286 succus
781 4234 925 4299 lippitudini,
936 4232 966 4297 β.
979 4277 1010 4285 ..
1030 4242 1106 4283 mmor
1117 4233 1170 4294 erit,
1186 4225 1315 4282 durat.

192 4306 299 4362 tumores,
312 4302 338 4351 V
354 4298 412 4364 (sod
424 4304 520 4354 daubus
532 4304 622 4355 litteris
634 4313 693 4369 post
706 4305 731 4354 h.
744 4320 767 4353 v.
780 4304 878 4365 erasis).
899 4310 974 4353 tumor
988 4310 1029 4365 est,
1046 4301 1121 4362 detur,
1133 4318 1153 4351 r.
1177 4341 1209 4350 -
1235 4297 1315 4348 absin-

557 2893 582 2943 γ.
602 2879 721 2930 Ceterum
733 2894 756 2927 r.
769 2879 884 2929 Dioscor.
897 2885 922 2940 3,
937 2883 993 2929 193.
1014 2919 1045 2928 -
1062 2875 1189 2941 uolumini
1195 2873 1315 2940 pastillos,

1049 4498 1078 4547 γὲ,
1090 4485 1102 4531 ἕ
