2918 4800
442 302 634 350 mummi.
663 301 806 349 cmv.
835 301 1032 351 sucro-sc.
1251 285 1293 351 27

169 453 276 532 mulis,
298 453 458 540 spasticis,
482 453 586 540 ruptis
607 474 763 539 perquam
783 452 876 529 utile;
899 452 1086 518 adversatur
1105 454 1232 519 aconito
1253 475 1294 518 ex

169 558 251 623 laete
273 566 395 642 potum,
422 554 521 620 febris
544 576 616 620 cum
638 554 769 621 horrore
791 554 947 620 venientis
968 555 1134 640 perunctis
1156 555 1294 621 leviores

111 655 113 659 ’
169 657 255 724 facit.
280 655 448 722 Utendum
463 667 568 721 tamen
582 656 718 735 modico,
741 655 893 740 quoniam
914 655 1023 720 adurit
1043 667 1203 743 augetque
1217 655 1295 722 vitia

169 781 235 824 non
256 768 383 823 servato
405 768 665 843 temperamento.

212 860 264 924 48.
286 858 482 925 Malobathri
496 881 623 945 quoque
636 870 782 925 naturam
795 869 828 924 et
841 880 961 946 genera
976 858 1193 945 exposuimus.
1215 857 1293 923 Uri-
1307 875 1340 919 aa

170 983 244 1025 nam
267 961 339 1039 ciet,
369 961 534 1027 oculorum
556 961 719 1047 epiphoris
745 962 820 1026 vino
843 982 1033 1047 expressum
1055 959 1223 1024 utilissime
1244 959 1295 1023 in·

169 1061 311 1149 ponitur,
339 1061 419 1127 item
439 1062 600 1128 hortibus
623 1062 762 1128 dormire
784 1061 982 1138 volentibus3
1012 1060 1187 1140 efficacius,
1215 1060 1243 1126 si
1264 1071 1296 1127 et

170 1186 265 1230 nares
286 1163 464 1229 inlinantur
485 1175 542 1229 aut
563 1165 591 1230 si
613 1187 654 1230 ex
675 1186 759 1249 aqua
780 1164 918 1231 bibatur.
942 1161 1020 1230 Oris
1035 1173 1068 1228 et
1081 1163 1201 1227 halitus
1223 1185 1296 1229 sua·

171 1267 303 1332 vitatem
324 1265 519 1331 commendat
538 1265 670 1352 linguae
683 1265 849 1332 subditum
863 1266 987 1344 folium,
1010 1266 1095 1332 siout
1109 1276 1142 1331 et
1156 1266 1295 1331 vestium

170 1367 301 1432 odorem
320 1366 556 1454 interpositum.

211 1470 265 1534 49.
297 1468 579 1554 Hyoscyaminum
607 1469 797 1537 emolliendo
826 1469 905 1534 utile
932 1481 997 1548 est,
1027 1469 1136 1535 nervis
1162 1468 1293 1546 inutile;
1308 1481 1342 1529 aa

170 1580 284 1656 p‘otum
311 1569 442 1655 quidem
471 1570 595 1637 cerebri
627 1582 732 1637 motus
762 1570 851 1636 facit
892 1571 1102 1636 Therminum
1130 1593 1148 1638 e
1174 1570 1295 1657 lupinis

139 1679 151 1705 ⁸
172 1673 301 1750 emollit,
327 1695 522 1758 proxumum
542 1694 674 1739 rosaceo
696 1673 824 1739 effectu.
860 1672 1080 1739 Narcissinum
1102 1672 1225 1738 dictum
1247 1683 1297 1739 est

170 1795 244 1839 oum
266 1795 324 1839 suo
337 1773 426 1839 flore.
447 1773 674 1860 Raphaninum
688 1774 876 1860 phthiriasis
897 1774 995 1862 longa
1015 1774 1199 1840 valetudine
1221 1794 1296 1840 con·

171 1885 291 1941 tractas
312 1876 395 1942 tollit
417 1875 649 1960 scabritiasque
663 1875 748 1942 cutis
762 1875 796 1941 in
811 1876 894 1942 facie
910 1876 1069 1942 emendat.
1092 1873 1295 1940 Sesaminum
1310 1888 1341 1934 as

171 1976 296 2042 aurium
316 1976 442 2042 dolores
464 1988 557 2043 sanat
578 1989 611 2042 et
632 1978 739 2043 ulcera
754 1998 837 2061 quae
853 1988 986 2064 serpunt
1002 1987 1035 2042 et
1048 1998 1131 2061 quae
1145 1976 1295 2041 cacoethe

171 2088 298 2144 vocant.
318 2077 483 2157 Lirinum,
506 2080 593 2163 quod
612 2091 647 2143 et
667 2056 877 2144 Pffaselinum
898 2075 1078 2163 et..Syrium
1099 2077 1295 2156 vocavimus,

170 2180 300 2247 renibus
321 2180 527 2246 utilissimum
548 2190 596 2246 est
618 2179 854 2265 sudoribusque
876 2180 1059 2258 evocandis,
1082 2180 1193 2245 volvae
1215 2178 1296 2245 mol·

170 2280 296 2348 liendae
324 2283 624 2367 concoquendisque
651 2283 749 2350 intua
787 2280 954 2371 Selgicum
979 2281 1087 2348 nervis
1113 2282 1191 2346 utile
1224 2303 1297 2346 esse

171 2382 321 2462 diximus,
343 2386 425 2450 sieut
446 2384 632 2451 herbacium
652 2407 780 2470 quoque
801 2386 889 2470 quod
909 2385 1041 2476 Iguvini
1065 2384 1151 2451 circa
1170 2382 1295 2448 Flami·

170 2485 258 2552 niam
277 2487 363 2552 viam
383 2487 537 2553 vendunt.
582 2488 587 2494 '

216 2589 270 2654 50.
298 2587 487 2668 Elaeomeli,
515 2590 603 2674 quod
623 2590 657 2654 in
681 2588 778 2675 Syria
801 2613 841 2656 ex
862 2591 941 2677 ipsis
962 2589 1040 2656 oleis
1061 2610 1191 2654 manare
1211 2586 1296 2652 dixi·
1311 2600 1343 2646 9⁶

130 2745 134 2752 .
171 2711 258 2767 mus,
286 2712 399 2776 sapore
426 2692 555 2772 melleo,
591 2714 657 2757 non
684 2691 755 2758 sine
783 2692 897 2758 nausia
925 2691 1030 2758 alvom
1056 2691 1167 2768 solvit,
1200 2688 1297 2756 bilem

170 2791 344 2877 praecipue
371 2793 510 2860 detrabit
537 2794 664 2861 duobus
690 2793 814 2880 cyathis
841 2795 876 2859 in
902 2794 1032 2859 hemina
1058 2816 1161 2879 aquae
1194 2789 1295 2868 dntis3

169 2894 226 2977 qui
246 2893 358 2961 bibere
379 2907 566 2981 torpescunt
580 2897 824 2982 excitanturque
839 2897 961 2964 crebro.
993 2894 1129 2962 Potores
1143 2892 1296 2962 certaturi

204 3137 273 3200 §⁹2-
298 3134 400 3186 dirimas
419 3145 449 3189 15
476 3144 517 3190 ³0.
539 3139 599 3190 coll.
616 3139 735 3190 Dioscor.
753 3146 775 3202 1,
796 3145 835 3190 18.
860 3180 891 3189 ..
919 3136 1193 3205 ficos-collectiones
1210 3151 1296 3196 omaee,

122 3248 125 3255 .
171 3218 258 3254 om.a.
277 3245 309 3254 ..
328 3203 425 3267 modico,
467 3198 573 3258 vdua.
591 3201 728 3270 ruodrud.

204 3269 273 3332 §9:3.
291 3271 436 3336 Malobctii,
452 3274 510 3327 Vd,
536 3273 679 3337 Molobotii,
695 3290 719 3324 a.
739 3315 770 3325 -
794 3272 943 3338 exposcimur
960 3279 1000 3335 12,
1019 3278 1075 3324 129.
1099 3273 1158 3323 coll.
1175 3270 1296 3320 Dioscor.

174 3345 196 3400 l,
211 3345 250 3390 11.
270 3382 301 3389 ..
321 3341 406 3402 mnam,
418 3357 441 3390 a.
460 3383 491 3392 ..
502 3342 592 3406 fronti,
603 3342 638 3392 K.
657 3382 688 3391 ..
707 3340 787 3404 alitur,
799 3343 834 3392 V.

204 3409 219 3472 ξ
232 3412 272 3459 24.
290 3408 501 3474 Hyr-acyminum,
514 3409 633 3460 Dioscor.
648 3414 670 3471 1,
683 3415 723 3459 42.
737 3448 768 3458 -
781 3400 925 3470 emolliendo,
937 3409 961 3457 d.
980 3403 1111 3468 molliendo,
1123 3422 1146 3456 a.
1159 3401 1295 3466 emoliendo,

173 3466 234 3525 GV.
247 3517 278 3526 -
299 3474 357 3525 utile
368 3484 410 3537 est,
425 3468 556 3528 Ovuac.
574 3473 662 3538 adim,
674 3470 704 3538 β.
716 3516 748 3527 ..
759 3475 893 3541 proximam
906 3491 1004 3525 rosaceo
1016 3475 1107 3539 ficeta,
1121 3475 1145 3524 d.
1160 3471 1296 3537 proximum

169 3558 266 3592 rosaceo
283 3544 405 3607 effectam,
422 3540 571 3610 Vaddpp.
596 3543 731 3609 proximam
757 3561 853 3595 rosaceo
870 3542 977 3609 sffeotm
993 3542 1095 3605 bobeno,
1112 3536 1164 3606 βγ.
1187 3539 1296 3604 proxima

170 3611 491 3730 mmifficmdfron'
511 3654 543 3664 ..
561 3608 699 3743 ἐὲοιῖιιναί
712 3618 752 3676 lb,
765 3619 807 3666 80.
833 3652 862 3664 ..
887 3610 1068 3678 Rapbans'nam,
1084 3609 1202 3662 Dioscor.
1218 3613 1240 3670 1,
1253 3612 1295 3659 41.

171 3694 270 3728 -oos
313 3696 358 3742 rae,
421 3697 560 3732 .-emen
595 3697 619 3730 vs
676 3718 681 3732 .

203 3747 271 3811 191.
290 3763 351 3811 qaae
361 3756 466 3814 serpunt,
478 3749 534 3800 Vd.
551 3756 655 3814 serpant,
668 3766 691 3800 a.
711 3791 743 3801 ..
761 3755 853 3811 coenat,
865 3765 888 3799 a
906 3755 992 3798 vocant
1003 3745 1091 3807 alona,
1102 3744 1158 3797 Vd.
1176 3784 1208 3796 ..
1226 3743 1295 3795 Liri-

170 3829 224 3862 aam
236 3819 278 3876 21,
291 3821 331 3866 22.
350 3814 468 3879 Lilinam,
484 3810 586 3868 ovas.
606 3817 726 3869 Ceterum
742 3834 767 3868 v.
784 3817 902 3867 Dioscor.
915 3823 943 3878 8,
959 3820 1014 3865 los.
1039 3854 1070 3863 ..
1093 3820 1116 3862 et
1131 3810 1295 3876 Pterelam,

169 3882 251 3949 omitt
265 3883 339 3935 Vad.
353 3925 384 3934 ..
402 3884 536 3934 corcoriaas
548 3891 589 3948 21,
607 3889 648 3936 24.
662 3925 693 3935 ..
714 3882 936 3948 concoquendisque,
952 3876 1062 3932 OVTd.
1081 3879 1295 3946 concoquendisque

164 3947 288 4012 esaan.
311 3951 528 4017 concoquendoqua
541 3946 612 4019 αβγ.
637 3994 668 4003 -
697 3950 824 4017 salpicum,
846 3952 881 4001 ita
897 3966 946 4001 nos
962 3949 1110 4015 scripsimus
1126 3950 1186 4002 coll.
1200 3955 1294 4013 11,31.

170 4015 302 4083 Silpiam,
320 4006 401 4071 ovd„
429 4019 462 4072 se
488 4019 575 4080 sticum,
592 4014 664 4085 asty.
692 4060 724 4070 ..
758 4017 901 4081 herbacium,
918 4018 974 4070 Vd.
1001 4014 1146 4082 herbaceam,
1163 4012 1236 4083 asty.
1262 4057 1294 4066 -

168 4082 274 4150 Iqaviai,
286 4102 309 4137 a.
327 4085 441 4152 Eyooiai,
485 4089 540 4139 Vd.
558 4086 672 4152 Equbina',
683 4103 703 4137 r.
721 4085 811 4153 Iouini,
823 4081 852 4147 β.

203 4154 218 4217 §
231 4159 272 4204 96.
282 4152 394 4204 dama
406 4160 445 4217 15,
458 4160 499 4206 32.
512 4155 571 4207 coli.
583 4156 702 4206 Dioscor.
717 4160 740 4217 1,
752 4159 793 4207 87.
807 4194 838 4204 -
856 4151 932 4217 solvit,
947 4149 1102 4206 ovunsd
1114 4153 1240 4219 (Murbac.
1253 4168 1294 4218 ap.

170 4218 277 4273 Cernat.
290 4223 449 4274 sdDioscor.
465 4227 487 4285 1,
500 4221 554 4288 ³0.)
581 4221 675 4286 emollit,
687 4217 717 4287 β.
736 4263 767 4272 ..
791 4237 878 4287 oquae,
895 4222 1066 4275 omittvad.
1085 4264 1116 4274 ..
1140 4223 1229 4272 crebro.
1245 4218 1295 4271 Po-

170 4295 239 4352 rora,
251 4292 295 4342 ad.
322 4293 446 4356 oraprobo
459 4298 527 4354 tores,
538 4292 572 4341 V.

382 4437 411 4487 ρ
