2918 4800
178 297 198 361 8
530 309 735 359 unrunrms
757 308 952 359 merorum

98 508 100 512 ψ
179 486 219 529 ex
242 485 280 528 ea
300 462 337 528 fit
359 462 541 550 suspiriosis
563 471 595 526 et
615 472 725 527 contra
745 461 855 530 lateris
877 461 1014 540 dolores,
1043 461 1152 542 volsis,
1183 463 1299 550 ruptis.

179 561 332 651 Splenem
354 565 454 630 ternis
475 562 577 629 obolis
598 574 674 650 pota
696 562 829 652 triginta
851 561 966 630 diebus
988 564 1162 641 consumit3
1191 565 1300 630 inlini-

178 678 231 733 tur
252 669 362 733 eadem
384 690 456 733 cum
477 666 538 731 fico
560 677 592 731 et
614 664 774 753 pterygiis
796 655 980 754 digitorum.
1009 665 1064 731 Ex
1084 666 1161 732 vino
1184 683 1299 734 secun-

179 770 238 836 das
260 770 448 835 feminarum
470 767 619 853 adposita
641 766 738 832 trahit
766 777 798 832 et
819 768 969 853 pituitam
997 767 1150 834 drachma
1171 780 1246 856 pota
1267 769 1301 833 in

178 893 262 955 aqua
282 871 394 936 mulsa.
434 866 540 935 Sucus
561 868 680 935 radicis
702 869 809 956 colligi
831 869 927 934 debet
947 880 1021 934 ante
1043 869 1174 935 seminis
1194 881 1300 936 matu·
1314 885 1347 930 ac

177 972 318 1050 ritatem,
346 971 402 1056 qui
431 970 571 1034 inlinitcs
599 993 659 1056 per
685 993 719 1036 se
747 979 779 1036 et
807 992 880 1036 cum
908 993 983 1036 ervo
1004 970 1136 1038 laetiore
1162 973 1302 1057 quodam

179 1073 284 1139 colore
307 1083 341 1139 et
362 1071 444 1137 cutis
466 1071 634 1136 teneritate
655 1072 869 1159 mangonicat,
893 1072 1050 1159 serpentis
1071 1073 1174 1161 fugat.
1210 1072 1302 1138 Tun-

179 1175 266 1241 ditur
287 1174 360 1260 ipsa
381 1173 474 1238 radix
496 1195 570 1237 oum
590 1173 650 1239 fico
671 1172 787 1261 pingui
810 1184 987 1261 erugatque
1001 1196 1130 1260 eorpus,
1153 1175 1181 1240 si
1196 1175 1303 1240 statim

178 1275 255 1341 bina
277 1274 385 1352 stadia
401 1274 619 1352 ambulentur3
648 1275 728 1342 alias
749 1274 851 1354 vitiet,
879 1275 943 1341 nisi
970 1275 1088 1365 frigida
1115 1275 1223 1340 statim
1244 1276 1303 1342 ab·

178 1378 296 1442 luatur.
332 1375 511 1443 Iucundius
537 1375 599 1442 hoc
624 1376 710 1442 idem
736 1387 882 1463 praestat
907 1377 1001 1465 nigra
1028 1376 1119 1456 vitis,
1153 1378 1304 1462 quoniam

181 1477 255 1544 alba
275 1478 434 1565 pruritum
455 1477 569 1542 adfert.

225 1582 275 1645 17.
299 1579 361 1645 Est
380 1602 458 1669 ergo
481 1590 512 1645 et
533 1578 626 1666 nigra
648 1601 743 1665 quam
765 1581 894 1669 proprie
912 1581 1082 1667 bryoniam
1102 1591 1228 1660 vocant,
1251 1580 1349 1650 alii2⁷

183 1678 386 1760 Chironiam,
414 1682 468 1746 alii
496 1681 742 1769 gynaecanthen
764 1694 820 1747 aut
841 1683 1021 1771 aproniam,
1051 1684 1184 1750 similem
1206 1682 1305 1770 priori

182 1793 407 1870 praeterquam
429 1781 546 1859 colore3
569 1782 664 1848 huius
686 1782 772 1849 enim
792 1784 922 1873 nigrum
937 1807 1008 1851 esse
1023 1785 1174 1854 diximus.
1195 1787 1305 1871 Aspa-

182 1906 279 1971 ragos
306 1885 375 1950 eius
396 1883 529 1951 Diocles
556 1885 706 1970 praetulit
733 1886 819 1952 veris
848 1887 1014 1973 asparagis
1039 1888 1072 1951 in
1100 1886 1172 1951 cibo
1193 1885 1306 1951 urinae

184 1985 315 2052 ciendae
335 1986 474 2071 lienique
496 1985 678 2051 minuendo.
709 1985 750 2051 In
770 1987 918 2053 frutectis
940 1998 973 2054 et
992 1986 1214 2053 harundinetis
1236 2009 1304 2051 ma·
1387 1986 1389 1991 ’

182 2109 279 2152 xume
300 2088 452 2153 nascitur.
489 2085 598 2152 Radix
619 2087 700 2153 foris
719 2087 824 2177 nigra,
845 2089 934 2178 intus
955 2089 1062 2156 buxeo
1084 2089 1204 2167 colore,
1233 2111 1308 2155 ossa
1320 2099 1352 2145 28
1374 2130 1375 2133 =

181 2188 320 2255 infracta
346 2190 397 2254 vel
424 2187 585 2255 efficacius
613 2188 750 2254 extrahit
777 2212 874 2274 quam
901 2214 999 2278 supra
1026 2190 1126 2268 dieta3
1164 2200 1308 2257 cetemm

185 2290 290 2355 eidem
311 2289 473 2376 peculiare
496 2300 554 2368 est,
577 2289 665 2373 quod
686 2290 900 2358 iumentorum
924 2292 1102 2361 cervicibus
1123 2291 1217 2360 unice
1238 2312 1308 2355 me·

185 2391 286 2456 detur.
322 2390 445 2469 Aiunt,
473 2389 600 2475 siquis
627 2390 734 2456 villam
761 2414 800 2457 ea
820 2392 971 2472 cinxerit,
1002 2393 1116 2479 fugere
1139 2391 1308 2478 accipitres

185 2503 334 2577 tutasque
356 2492 425 2557 fieri
447 2491 603 2560 villaticas
625 2493 727 2558 alites.
756 2493 880 2560 Eadem
901 2493 935 2558 in
957 2493 1099 2559 iumento
1119 2492 1309 2577 homineque

185 2593 315 2659 demina
335 2603 392 2658 aut
414 2593 606 2682 sanguinem
627 2592 683 2679 qni
707 2617 742 2660 se
764 2595 806 2660 ad
828 2595 908 2661 talos
927 2594 1078 2661 deiecerit
1091 2593 1310 2681 circumligata

187 2703 288 2760 sanat.
311 2693 357 2759 Et
378 2693 533 2761 hactenus
555 2696 595 2761 de
616 2694 730 2761 vitium
751 2695 935 2785 generibus.

232 2798 282 2869 l&
303 2792 416 2868 Must'a
435 2796 632 2863 differentias
645 2795 765 2862 habent
779 2797 934 2866 naturalis
947 2797 1017 2875 has,
1040 2796 1126 2882 quod
1142 2806 1218 2862 sunt
1231 2816 1308 2860 oen·
1323 2808 1355 2854 aa

215 3003 361 3135 fimf
384 3012 414 3067 u,
430 3021 453 3054 a
472 3005 560 3056 emsa.
578 3006 635 3056 vu.
654 3046 685 3056 ..
704 3004 796 3068 anau,
813 2978 836 3058 a
854 3046 885 3056 ,
904 3004 994 3070 rupa,
1010 3019 1033 3055 a.
1055 3002 1180 3069 corrupta,
1199 2996 1311 3053 oure.

137 3206 141 3213 ·
224 3175 293 3238 ἐκ.
317 3171 408 3224 Soccus
422 3173 513 3223 radicis
528 3173 610 3240 colliyi
623 3172 700 3236 deden
724 3173 788 3224 haec
804 3175 881 3225 verbe
896 3173 986 3225 Delec.
1002 3181 1028 3225 et
1038 3173 1117 3225 Hard.
1128 3187 1147 3238 r
1158 3187 1191 3222 ex
1203 3171 1311 3221 Diosco-

190 3242 252 3304 ride,
264 3242 307 3305 qui
319 3242 366 3291 sit:
384 3237 523 3308 χυλίξεται
540 3239 572 3290 δὲ
587 3241 605 3307 ἡ
614 3238 682 3358 pita
698 3238 784 3313 αὐτῆς
794 3236 890 3307 ἔαρος·
908 3238 1012 3295 πίνεται
1025 3238 1057 3290 δὲ
1069 3237 1118 3290 σὺν
1128 3234 1283 3305 μελικράτῳ
1295 3232 1311 3284 d

186 3304 275 3375 χυλὸς
284 3306 355 3375 πρὸς
366 3305 400 3358 τὰ
412 3306 491 3372 αὐτά,
505 3303 579 3374 ἄγων
592 3325 613 3375 φ
631 3305 712 3374 truc,
725 3310 762 3360 ita
774 3311 924 3376 disponunt:
940 3325 1022 3359 moues
1032 3307 1129 3359 radda.
1151 3304 1237 3372 collui
1247 3303 1314 3354 debet

191 3383 246 3426 ante
254 3377 309 3426 rell.
325 3378 363 3427 At
375 3377 443 3427 malo
456 3379 507 3427 hoc
519 3392 621 3442 quoque
633 3379 692 3428 loeo
701 3378 778 3429 Plinii
790 3393 900 3430 onorem
911 3392 1059 3442 agnoscere,
1070 3393 1146 3442 quem
1158 3377 1210 3426 vim
1222 3373 1313 3424 inferre

192 3445 246 3495 eins
262 3444 385 3506 sermoni,
404 3447 455 3509 qni,
472 3445 514 3494 nbi
533 3447 564 3496 de
580 3446 687 3510 singulis
703 3447 818 3512 pertibus
835 3447 940 3497 medicis
957 3447 1063 3497 alicuine
1081 3445 1173 3495 herbae
1190 3443 1313 3506 loquitur,

192 3526 333 3575 numquam
348 3519 446 3562 ceterae
461 3513 569 3563 orationi
584 3515 726 3579 postponit,
744 3517 788 3565 sed
803 3528 905 3580 semper
924 3513 956 3563 ab
972 3514 1002 3564 iis
1017 3528 1111 3563 novam
1125 3510 1259 3580 periodum
1274 3507 1314 3556 in-

193 3579 260 3642 cipit,
277 3587 306 3629 nt
321 3579 386 3631 nihil
404 3580 486 3630 dicam
503 3583 535 3632 de
549 3582 700 3646 pronomine
716 3581 857 3644 quistatim
873 3588 1003 3644 sequente,
1020 3582 1088 3643 quod
1105 3592 1139 3627 ex
1154 3573 1314 3651 Dnlaeampii

193 3646 397 3708 lssoefpunsstiont
417 3649 508 3705 miram
525 3650 653 3712 quandam
673 3649 806 3712 emphasin
822 3663 885 3712 prae
901 3662 928 3698 se
944 3645 1027 3696 ferens
1045 3643 1219 3696 consuetudini
1237 3639 1315 3693 Plinii

194 3727 299 3828 prorsus
315 3713 464 3776 refragetur.
483 3755 515 3765 ..
541 3715 637 3765 semina
647 3714 814 3776 maturitatem
826 3714 902 3764 Vad.
928 3713 1087 3762 mataatctsm
1098 3707 1202 3770 seminia
1213 3703 1263 3772 βγ.
1281 3747 1314 3757 .-

206 3778 308 3842 aliatus,
321 3782 354 3831 V.
372 3781 479 3842 illicitos,
491 3784 522 3832 T.
540 3780 621 3844 illitas,
634 3777 725 3847 αᾱβγ.
742 3823 773 3832 ..
791 3781 949 3846 mangonicat,
961 3797 984 3830 a.
1002 3776 1163 3844 manyoniyat,
1174 3777 1230 3826 Vd.
1248 3790 1315 3823 man-

194 3847 298 3912 yotlwt,
313 3843 365 3914 βγ.
391 3851 460 3900 Huic
474 3850 532 3903 voci
544 3851 646 3900 addunt
661 3865 758 3914 corpore
773 3864 801 3909 a,
824 3863 925 3912 corpora
939 3842 992 3912 βγ,
1014 3861 1122 3911 qnorum
1139 3843 1203 3895 nihil
1220 3843 1316 3893 hebent

197 3915 280 3972 viu.
299 3957 330 3966 -
348 3925 467 3981 serpentes
469 3916 555 3982 sayct,
567 3935 591 3968 a.
609 3918 698 3970 Omitt.
711 3918 803 3968 VTdr
814 3912 956 3979 (Mnrbac.)
967 3928 993 3979 r.
1010 3955 1040 3964 ..
1051 3913 1104 3976 fico
1111 3912 1206 3979 pingui,
1217 3912 1251 3961 V.
1261 3909 1316 3973 ficu

176 4035 179 4042 ,
194 3981 286 4048 pinyti,
299 3986 323 4034 d.
339 3983 485 4050 pioyuiyico,
498 3979 568 4050 asty.
582 4025 614 4035 -
631 3984 704 4048 vitiet,
714 3986 749 4036 V.
767 3991 849 4046 metet,
860 3986 905 4036 ad.
923 3981 979 4046 urit,
990 3977 1042 4047 fir.
1056 4023 1086 4032 ..
1104 3981 1192 4044 smum,
1201 3979 1316 4031 VTKd.

198 4050 287 4102 Omitt.
299 4046 370 4116 asty.
390 4093 421 4102 -
439 4051 502 4114 vitia
515 4068 539 4102 a.
557 4051 622 4114 vitio,
634 4053 689 4105 Vd.

221 4150 251 4271 ip·
260 4156 313 4230 27.Ι
325 4151 455 4231 Quamne,
470 4169 495 4231 y.
506 4153 622 4209 Diosoor.
634 4161 658 4217 t,
672 4158 729 4212 let.
747 4152 865 4204 Ceterum
877 4152 904 4207 in
915 4152 962 4203 Vd
973 4153 1065 4231 desunt
1080 4154 1095 4216 ἦ
1107 4155 1216 4203 27..80.
1235 4189 1265 4198 ..
1283 4147 1316 4196 si·

199 4235 221 4275 m
240 4235 261 4268 u
269 4235 350 4286 priori
357 4236 396 4285 pr.
409 4236 473 4271 mma
484 4217 568 4283 colere,
579 4221 666 4272 Dnlec
686 4262 717 4271 -
734 4218 840 4282 σοὶονωι,
852 4236 875 4271 a
890 4259 920 4270 ..
939 4235 999 4270 orem
1011 4233 1112 4286 aaran,
1123 4234 1140 4270 a
1151 4216 1236 4281 (codd.
1246 4215 1316 4279 Gal.)
