2918 4800
451 334 520 382 ara.
536 335 638 382 xxm.
668 333 746 382 car.
761 336 784 382 1.
814 334 912 382 sacr.
927 336 997 378 s-u.
1261 320 1280 379 5

156 499 240 553 eunt.
262 486 466 576 Inspergitur
487 487 589 551 farina
609 508 720 551 eorum
742 487 890 571 polentae
912 485 1005 554 modo
1020 487 1139 572 potioni
1155 497 1185 552 et
1201 487 1280 571 dys-

156 588 298 654 intericis
324 598 356 654 et
383 588 529 654 coeliacis
558 599 590 652 et
618 586 775 652 dissoluto
803 587 976 654 stomacho.
1012 587 1156 656 Decocto
1183 588 1281 655 etiam

156 712 266 757 eorum
288 690 397 756 fovere
418 711 535 776 psoras
557 700 589 755 et
610 688 770 776 pruritum
792 688 870 754 utile
892 701 950 755 est.

200 793 250 857 10.
276 790 411 858 Vinacei
432 813 491 877 per
513 791 676 856 seminus
699 791 796 876 capiti
819 801 875 857 ant
896 790 1023 856 vesicae
1045 801 1160 855 nocent
1183 813 1278 875 quam
1296 811 1326 856 14

155 893 270 972 nuclei,
292 916 512 960 mammarum.
523 892 765 958 inflammationi
787 894 881 958 utiles
902 914 974 958 curn
991 892 1056 958 sale
1072 891 1148 956 triti.
1171 891 1279 958 Deco-

156 1008 244 1061 ctum
265 1017 375 1062 eorum
395 1006 519 1062 veteres
540 994 752 1080 dysintericos
775 1005 807 1060 et
828 995 984 1061 coeliacos
1000 995 1090 1059 iuvat
1104 1004 1137 1060 at
1150 994 1280 1081 potione

157 1119 195 1162 ac
217 1096 297 1161 fotu.

199 1200 248 1262 11.
279 1198 355 1264 Uva
377 1197 529 1277 theriace,
557 1199 599 1264 de
621 1221 686 1285 qua
708 1221 766 1265 suo
792 1200 863 1265 loco
890 1197 1042 1276 diximus,
1072 1209 1183 1263 contra
1211 1220 1279 1264 ser·

38 1345 42 1355 .
155 1301 303 1386 pentium·
318 1301 402 1366 ictus
425 1311 520 1367 estur.
547 1299 723 1387 Pampinos
745 1322 871 1386 quoque
893 1301 963 1365 eius
985 1299 1126 1365 edendos
1150 1310 1281 1366 censent

155 1401 426 1488 inponendusque,
454 1403 628 1489 vinumque
656 1413 688 1468 et
715 1415 843 1469 acetum
864 1425 905 1468 ex
926 1401 977 1467 his
999 1401 1120 1468 factum
1142 1400 1279 1466 auxilia-

155 1526 223 1569 rem
245 1514 357 1569 contra
377 1504 493 1570 eadem
515 1504 580 1570 vim
602 1504 710 1570 habet.

199 1608 248 1669 12.
277 1605 352 1671 Uva
379 1628 475 1692 passa
503 1628 599 1691 quam
622 1605 792 1694 astaphida
819 1617 935 1671 vocant
961 1605 1170 1683 stomachum,
1200 1625 1325 1670 ven-1⁵

155 1719 236 1771 trem
257 1718 289 1773 et
309 1708 475 1775 interanea
498 1717 677 1795 temptaret,
700 1707 763 1773 nisi
784 1729 843 1794 pro
865 1707 1007 1774 remedio
1028 1709 1062 1772 in
1083 1708 1165 1794 ipsis
1180 1707 1279 1773 acinis

155 1808 259 1893 nuclei
286 1818 411 1887 essent3
445 1809 486 1875 iis
519 1810 677 1896 exemptis
706 1808 833 1876 vesicae
861 1809 948 1875 utilis
977 1808 1112 1874 habetur
1140 1819 1172 1874 et
1199 1809 1280 1874 tussi

155 1908 227 1975 alba
247 1910 364 1975 utilior.
400 1909 500 1977 Utilis
522 1920 553 1976 et
573 1911 709 1977 arteriae
732 1923 764 1976 et
785 1910 926 1990 renibus,
955 1910 1039 1975 sicut
1066 1932 1107 1974 ex
1129 1910 1180 1975 his
1202 1932 1278 1996 pas-

156 2032 227 2075 sum
248 2012 400 2097 privatim
421 2035 439 2076 e
461 2012 665 2098 serpentibus
688 2024 798 2078 contra
818 2011 1040 2077 haemorroida
1060 2022 1184 2097 potens.
1212 2011 1277 2074 Tc·
1293 2027 1325 2074 ra

154 2112 253 2177 stium
273 2112 516 2176 inflammationi
544 2135 617 2177 cum
644 2113 749 2177 farina
778 2112 897 2177 cumini
927 2122 983 2176 aut
1004 2112 1163 2177 coriandri
1184 2111 1278 2197 inpo-

153 2224 289 2291 nuntur,
324 2211 401 2277 item
427 2213 646 2292 carbunculis,
675 2214 867 2279 articulariis
894 2214 1030 2293 morbis,
1061 2215 1129 2279 sine
1156 2213 1279 2278 nucleis

153 2314 246 2379 tritae
267 2337 341 2379 cum
362 2325 434 2380 ruta
441 2341 451 2393 ;
472 2317 581 2381 fovere
601 2326 673 2382 ante
695 2317 771 2381 vino
792 2317 898 2382 ulcera
912 2327 1046 2404 oportet
1071 2316 1193 2382 Sanant
1208 2315 1277 2404 epi-

152 2416 301 2502 nyctidas
323 2428 355 2481 et
377 2417 463 2483 ceria
483 2430 514 2482 et
535 2417 746 2503 dysinteriam
768 2441 842 2485 curn
865 2419 932 2484 suis
946 2418 1085 2496 nucleis3
1108 2430 1140 2484 et
1158 2419 1192 2483 in
1207 2418 1278 2483 oleo

154 2531 262 2584 coctae
288 2520 481 2608 gangraenis
507 2520 687 2586 inlinuntur
713 2543 786 2586 cum
814 2521 933 2587 cortice
961 2521 1096 2607 raphani
1120 2532 1151 2587 et
1171 2520 1274 2586 melle.

153 2619 313 2709 Podagris
340 2631 374 2685 et
399 2621 556 2708 unguium
583 2621 756 2688 mobilibus
784 2643 857 2687 cum
883 2644 1004 2708 panace
1033 2632 1065 2686 et
1094 2645 1151 2709 par
1179 2645 1213 2688 se
1234 2622 1276 2687 ad

153 2723 357 2810 purgandum
379 2745 416 2788 os
438 2735 599 2809 caputque
622 2746 696 2789 curn
718 2724 830 2810 pipere
852 2724 1157 2789 conmanducantur.

197 2826 246 2888 13.
269 2824 425 2910 Astapbia
447 2825 538 2914 agria
560 2825 628 2891 sive
651 2825 784 2912 staphis,
807 2847 904 2911 quam
925 2848 1021 2891 uvam
1036 2825 1202 2891 taminiam
1216 2825 1274 2891 ali-
1291 2840 1321 2887 rt

151 2923 207 3008 qui
228 2936 346 2990 vocant
367 2926 461 3006 falso,
492 2950 585 2993 suum
608 2927 692 2992 enim
714 2949 818 3014 genus
840 2926 947 3007 habet,
977 2927 1141 2993 cauliculis
1162 2927 1275 3014 nigris,

152 3026 263 3106 rectis,
292 3026 376 3093 foliis
401 3028 585 3108 labruscae,
619 3029 680 3096 fert
707 3029 866 3097 folliculos
895 3030 1003 3096 verius
1030 3053 1128 3116 quam
1154 3029 1275 3110 acinos,

153 3232 290 3294 vomituris,
302 3237 407 3288 VTad.
427 3278 457 3286 -
475 3236 542 3300 etin,
555 3239 652 3289 V'rad
663 3237 806 3301 (Murbac.)
824 3239 855 3296 in,
867 3233 918 3301 βγ.
938 3278 968 3287 -
987 3236 1130 3302 hydropicis,
1143 3240 1181 3287 ad
1192 3235 1276 3298 (Mur-

152 3299 221 3362 bac.)
239 3299 347 3380 hydropi,
360 3305 393 3354 V.
411 3302 522 3382 hydrope,
535 3307 565 3355 Τ.
588 3304 704 3382 ...sabra
717 3305 778 3356 VT.
799 3342 830 3354 ..
848 3303 1033 3367 depretiantibus,
1046 3319 1096 3354 om.
1108 3305 1223 3355 Murbac.
1243 3344 1274 3355 ..

152 3384 221 3430 aaa
239 3371 375 3432 tanavd.
396 3412 426 3421 -
444 3371 579 3432 cibamur.
598 3371 748 3433 choerili.
765 3371 872 3431 auhmd.
891 3411 923 3420 -
941 3368 1051 3432 daruV.

186 3438 201 3500 5
215 3443 254 3487 ta.
272 3437 354 3496 acinr'a,
364 3439 398 3488 V.
413 3478 442 3487 ..
461 3436 628 3554 adstrippendi
637 3437 691 3499 min,
703 3454 726 3488 a.
744 3435 945 3503 adstrinqendum,
954 3438 1010 3489 Vd.
1024 3479 1055 3489 -
1070 3437 1152 3504 capiti,
1165 3429 1274 3491 OV'I'd.

570 3521 592 3556 a
606 3504 714 3569 jaciunt,
726 3499 827 3570 Tdssr.
847 3547 877 3556 -
894 3505 991 3570 potioni,
1002 3507 1090 3558 Dulac.
1104 3506 1148 3557 ad.
1164 3505 1275 3570 patienia

156 3562 270 3633 GVTss.
290 3613 319 3623 -
339 3580 362 3621 et
372 3570 527 3638 dauhtar-thia,
543 3566 631 3625 OVT.
650 3571 811 3641 dysentericis,
823 3569 916 3640 ιᾱβγ.
935 3574 958 3625 in
970 3573 1129 3642 dysenterr'cia,
1140 3574 1229 3625 Dalec.
1243 3615 1274 3626 ..

153 3635 273 3701 dumoluto,
288 3632 417 3692 OVTad.
436 3638 562 3703 dissolutis,
574 3636 603 3703 β.

186 3705 255 3768 514,
279 3706 347 3756 utriee
358 3707 608 3771 canaateutrtvd.
636 3708 899 3773 mnansauaran,
915 3706 988 3790 asty.
1008 3751 1039 3762 ..
1066 3710 1223 3772 earum,Vd.
1242 3752 1273 3762 .-

152 3772 252 3837 acsotu,
263 3791 286 3825 a.
304 3783 400 3840 etpotu,
412 3777 466 3826 Vd.
488 3776 579 3840 etsotu,
591 3772 642 3843 βγ.
662 3818 692 3829 ..
712 3775 772 3840 luco,
782 3779 817 3829 V.
836 3820 867 3829 -
887 3776 990 3827 dixemus
1004 3783 1042 3841 14,
1058 3780 1114 3828 ll'l.
1133 3819 1164 3830 ..
1184 3778 1274 3827 uinum·

152 3856 205 3904 que,
217 3840 251 3891 V.
269 3850 292 3890 et
303 3842 387 3906 unuin,
401 3861 423 3894 a.
437 3845 494 3896 Om.
507 3847 531 3895 d.
551 3886 581 3895 ..
600 3843 678 3907 habet,
694 3836 795 3897 OVad.
814 3845 907 3908 habent,
919 3841 948 3907 β.

186 3907 255 3970 §lh
281 3917 304 3958 et
319 3910 449 3973 interanea,
465 3903 594 3962 OV'rau.
623 3911 753 3974 interanea,
770 3907 800 3974 β.
827 3915 868 3964 Da
885 3914 981 3977 ipsura
998 3915 1223 3976 autumnat.
1242 3954 1273 3964 ...

153 3983 301 4040 temptarent,
312 3978 368 4028 Vd.
389 4021 419 4029 -
438 3977 482 4039 ta,
494 3978 548 4030 Vd.
568 4020 598 4029 ..
618 3977 661 4028 aed
672 3979 737 4041 tunsi,
749 3980 837 4031 Dalec.
858 4022 888 4030 -
907 3979 1104 4043 haemorroidam,
1116 3981 1150 4032 V.

186 4042 254 4105 §lta
277 4044 434 4108 articulariis,
446 4047 522 4098 Vad.
544 4044 719 4108 articularibus,
730 4042 760 4108 β.
780 4089 810 4098 -
834 4047 857 4096 εἰ
867 4046 961 4109 auchie,
973 4050 1006 4099 V.
1027 4090 1057 4100 ..
1079 4057 1102 4098 et
1118 4049 1190 4111 ceria,
1207 4048 1274 4101 Pint.

153 4125 167 4159 e
179 4111 339 4164 Dioscorida.
357 4121 380 4162 et
391 4113 459 4177 teria,
471 4117 543 4166 Tad.
561 4122 585 4162 et
596 4112 680 4176 tharra,
690 4115 724 4164 V.
742 4121 765 4163 et
776 4114 894 4177 aeterum,
906 4112 932 4165 θ.
946 4117 1003 4168 Om.
1015 4112 1045 4178 β.
1065 4158 1096 4169 ..
1115 4133 1148 4179 ar,
1161 4117 1205 4167 ad.
1225 4114 1275 4177 loa,

153 4177 187 4227 V.
207 4221 236 4229 -
256 4179 471 4244 commanducatur,
482 4182 517 4232 V.

154 4247 379 4367 eritll'villm’
390 4250 424 4300 V.
442 4251 482 4301 De
497 4251 553 4317 ipsa
566 4266 593 4302 re
604 4266 627 4301 ι.
639 4250 759 4302 Dioscor.
773 4257 796 4313 4,
812 4256 868 4303 15³.
889 4291 919 4301 ..
941 4251 1018 4315 atatis,
1032 4253 1065 4303 V.
1086 4291 1117 4303 ..
1139 4250 1217 4314 rectia,
1229 4251 1275 4300 ad.

181 4329 205 4363 aa
216 4330 244 4378 a,
311 4351 318 4367 .

153 3502 246 3567 capitu,
258 3501 328 3570 αβγ.
349 3547 378 3555 -
390 3497 535 3569 jactanto
