2918 4800
197 250 259 315 438
548 266 754 313 usruasms
778 266 974 314 mesonma

242 423 292 485 24.
326 417 515 485 Clarissima
536 439 691 502 aquarum
712 419 854 484 omnium
875 417 909 482 in
932 428 996 484 toto
1018 417 1096 485 orbs
1117 418 1247 508 frigoris
1270 442 1323 486 sa·
1339 440 1368 483 41

198 521 426 605 lubritatisque
447 521 555 606 palma
575 518 747 606 praeconio
761 519 852 586 urbis
872 518 998 585 Marcia
1012 529 1071 599 est,
1093 521 1178 587 inter
1199 521 1325 607 reliqua

199 623 295 694 deum
317 645 451 689 munera
472 621 545 687 urbi
567 621 702 698 tributa3
726 623 900 688 vocabatur
920 623 1000 688 haec
1014 623 1176 707 quondam
1191 623 1325 702 Aufeia,

199 727 271 792 fons
293 736 400 791 autem
421 726 492 810 ipse
513 723 653 790 Pitonia.
688 722 806 788 Oritur
832 723 867 788 in
895 725 1025 790 ultumis
1046 724 1211 791 montibus
1233 725 1325 790 Peli-

199 849 346 915 gnorum,
369 825 484 893 transit
498 825 629 891 Marsos
643 837 677 892 et
689 823 850 892 Fucinum
864 826 981 903 lacum,
995 818 1212 892 Romam'non
1227 827 1327 893 dubie

116 1004 117 1008 η
199 939 326 1016 petens3
356 952 433 994 mox
459 929 492 993 iu
515 949 633 1014 specus
654 950 760 994 mersa
779 927 813 992 in
835 925 1007 993 Tiburtina
1029 951 1063 994 se
1085 928 1189 1015 aperit
1210 951 1230 993 a
1251 952 1326 995 vnn

200 1054 242 1095 m.
264 1055 296 1116 p.
325 1029 503 1095 fornicibus
533 1028 661 1095 structis
691 1028 854 1115 perducta.
891 1028 1022 1094 Primus
1052 1053 1122 1094 eam
1150 1030 1183 1094 in
1210 1029 1328 1096 urbem

200 1131 317 1196 ducere
339 1130 525 1217 auspicatus
545 1141 595 1197 est
609 1131 723 1197 Ancus
737 1130 882 1196 Marcius
903 1153 986 1196 unus
1009 1154 1027 1195 e
1048 1131 1190 1217 regibus,
1213 1141 1328 1217 postca

203 1229 245 1312 Q.
260 1231 407 1300 Marcius
422 1232 493 1298 Rex
515 1234 548 1297 in
569 1242 721 1319 praetura
741 1254 918 1316 rursusque
941 1231 1080 1297 restituit
1100 1230 1148 1296 M.
1164 1232 1327 1319 Agrippa.

244 1335 295 1399 25.
318 1332 411 1399 Idem
432 1345 464 1399 et
485 1332 655 1420 Virginem
676 1332 812 1399 adduxit
840 1332 881 1398 ab
909 1333 1014 1401 octavi
1040 1333 1157 1420 lapidis
1185 1334 1327 1401 deverti·
1342 1357 1375 1401 42

202 1435 274 1499 culo
296 1433 360 1498 duo
381 1434 470 1499 milia
490 1457 578 1522 pass.
600 1434 809 1507 Praenestina
830 1434 900 1512 via3
922 1436 1014 1500 iuxta
1036 1445 1084 1500 est
1105 1434 1328 1502 Herculaneus

202 1535 289 1600 rivos
303 1556 398 1618 quem
412 1535 576 1621 refugiens
586 1534 733 1624 Virginis
748 1558 865 1600 nomen
878 1535 1028 1620 optinuit.
1043 1535 1172 1601 Horum
1185 1536 1329 1602 amnium

203 1636 429 1722 conparatione
451 1637 632 1703 differentia
647 1659 745 1723 supra
759 1636 847 1703 dicta
859 1636 1116 1723 deprehenditur,
1140 1661 1215 1704 cum
1229 1659 1330 1722 quan·

204 1749 271 1805 tum
299 1737 403 1828 Virgo
429 1749 517 1805 tactu
543 1749 700 1824 praestat,
728 1748 852 1805 tantum
878 1749 1019 1824 praestet
1043 1736 1171 1805 Marcia
1198 1739 1328 1819 haustu,

204 1863 396 1925 quamquam
416 1842 585 1925 utriusque
601 1841 665 1906 iam
687 1840 812 1925 pridem
834 1839 907 1905 urbi
929 1839 1027 1926 periit
1042 1839 1202 1925 voluptas,
1223 1841 1329 1906 ambi..

205 1942 292 2007 tione
314 1942 512 2027 avaritiaque
533 1942 567 2007 in
590 1942 682 2008 villas
704 1965 742 2006 ac
768 1940 954 2008 suburbana
978 1940 1242 2025 detorquentibus
1267 1964 1330 2027 pu·

205 2041 322 2108 blicam
345 2041 488 2109 salutem.

259 2146 310 2209 26.
339 2142 413 2209 Non
441 2143 482 2209 ab
515 2166 551 2209 re
585 2145 627 2209 sit
657 2144 832 2228 quaerendi
861 2167 962 2227 aquas
989 2144 1134 2211 iunxisse
1162 2144 1330 2211 rationem.
1345 2167 1378 2212 ss

206 2244 427 2330 Reperiuntur
454 2246 488 2311 in
515 2245 713 2313 convallibus
734 2268 884 2311 maxume
906 2256 939 2312 et
959 2246 1099 2330 quodam
1120 2247 1332 2313 convexitatis

207 2346 338 2413 cardina
359 2357 415 2413 aut
435 2348 590 2412 montium
611 2346 784 2412 radicibus.
810 2346 909 2413 Multi
931 2346 1188 2434 septentrionalis
1210 2347 1332 2432 ubique

207 2447 309 2532 partis
331 2470 470 2533 aquosas
492 2447 738 2526 existumarem,
767 2470 831 2530 qua
858 2447 893 2512 in
920 2469 955 2513 re
984 2448 1168 2514 varietatem
1195 2459 1332 2517 naturae

210 2549 373 2632 aperuisse
396 2549 572 2614 conveniat.
609 2547 650 2613 In
671 2547 836 2633 Hyrcanis
858 2548 1022 2617 montibus
1044 2572 1063 2614 a
1084 2549 1261 2617 meridiano
1282 2551 1332 2615 la·

210 2661 275 2713 tere
297 2671 361 2713 non
382 2651 481 2735 pluit3
504 2651 577 2716 ideo
599 2649 743 2737 silvigeri
765 2649 806 2715 ab
821 2650 979 2734 aquilonis
995 2661 1119 2717 tantum
1134 2660 1225 2738 parte
1240 2661 1333 2728 sunt3

210 2760 242 2813 at
270 2747 443 2834 Olympus,
474 2750 572 2829 Ossa,
601 2750 775 2829 Parnasus,
802 2749 1030 2838 Appenninus,
1058 2753 1162 2838 Alpes
1189 2751 1333 2837 undique

210 2849 391 2916 vestiuntur
411 2849 623 2935 amnibusque
644 2851 899 2939 perfunduntnr3
922 2852 1022 2937 aliqui
1037 2854 1077 2919 ab
1093 2863 1215 2931 austro,
1238 2853 1334 2919 sicuti

209 2953 244 3017 in
268 2949 367 3017 Creta
387 2950 464 3018 Albi
485 2963 620 3018 montes.
647 2951 735 3018 Nihil
755 2975 833 3043 orgo
854 2953 889 3018 in
910 2953 961 3019 his
981 2967 1157 3041 perpetuae
1179 2955 1334 3021 observa·

212 3055 307 3120 tionis
328 3052 534 3123 iudicabitur.
1218 3088 1221 3095 ,

247 3231 314 3292 541.
333 3227 408 3292 deum,
420 3231 452 3281 R.
470 3226 575 3291 Meum,
587 3229 643 3279 Vd.
657 3269 689 3279 ..
708 3244 814 3291 munera,
827 3230 900 3280 Vdr.
917 3225 1111 3295 munerassfir.
1125 3271 1157 3280 -
1170 3229 1244 3290 turbe,
1255 3231 1290 3281 V.
1302 3271 1334 3281 -

212 3295 310 3359 Aufeia,
323 3299 354 3346 R
371 3295 472 3360 Asrsetu,
485 3298 509 3346 d.
527 3303 570 3345 out
577 3295 657 3358 foeta,
669 3297 703 3347 V.
722 3295 834 3361 &aaa
844 3297 970 3349 Harduin.
988 3337 1020 3349 ..
1039 3296 1149 3359 Pitous's,
1159 3296 1273 3349 VBTd.
1290 3298 1336 3348 Ε-

213 3362 289 3425 como,
301 3358 330 3425 β
349 3405 381 3414 ..
399 3364 516 3426 Maricas,
528 3365 563 3414 V.
577 3403 608 3413 ..
627 3363 716 3424 Roma,
727 3364 761 3415 V.
775 3405 807 3413 -
819 3363 845 3414 iu
855 3381 946 3428 specus,
959 3366 1040 3416 RTd.
1057 3364 1083 3413 iu
1094 3372 1194 3428 operm,
1206 3366 1239 3416 V.
1256 3381 1336 3430 specu,

212 3427 241 3493 β·
261 3471 291 3480 -
311 3431 397 3494 aperit,
409 3433 441 3482 Τ.
458 3447 475 3481 u
492 3431 560 3492 erint,
571 3431 635 3483 VB.
652 3433 792 3495 aperuitd.
811 3473 842 3482 -
860 3448 885 3494 a,
902 3425 1044 3483 OVRTd.
1062 3429 1215 3497 omisaflr.
1235 3474 1266 3482 -
1276 3433 1336 3496 sor-

213 3498 311 3615 mics'bpss
323 3498 459 3614 aumudper
477 3515 513 3562 uc,
525 3500 558 3549 V.
577 3540 608 3549 ..
627 3497 742 3560 Primum,
755 3499 800 3550 Bt
819 3539 850 3550 ..
873 3498 903 3558 Q.
914 3499 1033 3560 Marcius,
1046 3501 1078 3551 R.
1096 3515 1157 3564 quus
1168 3499 1287 3562 Marcius,
1299 3503 1334 3551 V.

215 3581 260 3628 que
302 3581 391 3626 meua,
422 3601 428 3615 .

248 3663 262 3725 ἐ
276 3669 316 3714 42.
336 3663 484 3726 dsuern'culo,
494 3667 530 3717 ita
541 3683 589 3719 nos
601 3668 755 3732 scripsimus.
773 3666 919 3730 diverticulo,
932 3663 1064 3734 vatur.
1079 3710 1109 3718 -
1128 3668 1175 3718 duo
1186 3667 1261 3733 milia,
1272 3669 1336 3722 VR.

214 3731 305 3781 duobm
316 3730 427 3796 millibus,
439 3729 483 3795 ᾶβ
507 3771 512 3784 .
532 3774 562 3783 ..
581 3734 684 3784 obtenuit
695 3742 729 3797 ut,
741 3736 775 3785 V.
795 3776 826 3785 ..
841 3735 987 3798 perennium,
1000 3736 1033 3786 Κ.
1057 3777 1087 3786 ..
1111 3735 1185 3798 dieta,
1197 3738 1230 3789 R.
1248 3737 1337 3790 Omitt.

214 3801 271 3849 vd.
291 3841 320 3848 -
342 3808 460 3864 pausat,
506 3801 597 3852 ΨΜ.
616 3799 791 3867 omisssfir.
814 3842 846 3852 -
867 3803 1337 3868 maater‚vss¹d.praear,1t²...

211 3867 283 3930 perit,
295 3868 329 3917 V.
349 3909 379 3918 ..
403 3867 591 3933 amariorque.
607 3871 640 3920 V.
664 3910 695 3921 ..
719 3869 917 3934 detorquentibus,
937 3865 1088 3924 svaros
1104 3871 1190 3936 (codd.
1208 3872 1338 3937 Barbari).

215 3932 402 3999 decoquentibus,
413 3931 443 3997 β.

250 4039 318 4100 §aa
336 4039 368 4093 at
382 4055 411 4090 ro.
424 4038 532 4102 aava.
549 4039 646 4102 suasa
662 4040 706 4092 3¹.
724 4039 898 4105 abaciam.
922 4083 953 4091 ..
975 4041 1159 4102 rotamur
1177 4042 1338 4103 amusa'l'd.

214 4176 550 4308 wilibadus-dir,
561 4244 595 4294 v.
620 4212 651 4294 ’-
674 4193 751 4307 ab,
763 4192 841 4295 urii
857 4191 1166 4310 dzs‘ndldlla.
1186 4287 1216 4295 -
1236 4243 1303 4307 auu,
1315 4214 1340 4294 a?
