2918 4800
418 318 488 364 mn.
503 318 618 365 nanu.
648 316 726 364 osa.
742 318 790 365 ru.
822 316 919 365 sacr.
935 319 1017 363 sr-u.
1237 301 1277 363 77

156 483 189 535 et
218 468 304 534 sedis
332 468 544 555 procidentia,
572 469 812 554 condylomata,
842 467 1093 547 haemorroidas,
1124 490 1220 534 sucus
1247 479 1278 533 et

156 571 280 637 fruticis
309 581 341 635 et
365 569 483 635 radicis
511 569 658 635 morbum
686 570 813 657 regium
835 579 868 635 et
896 592 935 635 ea
962 591 1044 653 quae
1071 569 1278 657 repurganda

156 661 245 748 sunt3
268 671 433 737 oculorum
454 670 555 736 aciem
571 671 708 736 exacuit.
732 669 852 737 Samen
866 671 907 736 ad
923 681 1032 735 vetera
1045 671 1184 756 pectoris
1199 670 1276 735 vitia
1291 688 1340 732 roo

156 774 250 838 datur
276 772 367 858 potui
394 781 426 837 et
452 772 493 837 ad
519 773 631 837 volvas
659 794 731 837 cum
760 772 835 837 vino
865 782 898 837 et
918 771 1040 858 pipere,
1068 792 1195 836 menses
1217 770 1275 836 ad·

154 875 262 951 iuvat,
294 873 448 960 podagris
473 873 618 938 inlinitur
646 895 720 939 cum
746 873 855 939 aerina
883 872 1001 948 farina3
1035 885 1153 958 purgat
1181 872 1277 938 etiam

154 974 326 1064 lentigines
348 986 483 1059 atquae
509 973 748 1041 excalfacienda
776 975 841 1040 sint
868 986 924 1039 aut
952 996 1025 1039 cum
1052 975 1150 1040 sudor
1177 996 1277 1058 quae·

155 1078 275 1142 raudus
296 1077 433 1154 inlitum,
462 1077 539 1141 item
561 1077 730 1142 convolsis.
766 1077 878 1165 Auget
900 1088 934 1141 et
953 1076 1038 1142 lacte
1066 1076 1100 1140 in
1121 1075 1195 1142 vino
1216 1099 1276 1163 po·

156 1190 233 1257 tum,
256 1179 333 1243 item
353 1177 463 1253 radix3
487 1178 557 1263 ipsa
578 1177 676 1242 herba
699 1177 831 1244 strumis
853 1201 927 1244 cum
941 1188 1033 1243 aceto
1054 1177 1211 1256 inlinitur,
1225 1176 1277 1242 ad

157 1281 272 1347 tussim
292 1301 366 1344 cum
387 1280 478 1343 mello
500 1279 641 1366 prodest.

197 1382 250 1445 60.
273 1379 418 1464 Cachrys
433 1380 532 1445 multa
546 1403 665 1466 gonera
679 1380 785 1458 habet,
801 1392 838 1446 ut
852 1381 1011 1456 diximus3
1029 1382 1086 1447 sed
1100 1380 1179 1446 haec
1193 1401 1276 1464 quae
1292 1395 1337 1438 101

156 1505 196 1548 ex
216 1504 289 1546 rore
311 1504 407 1568 supra
422 1482 507 1547 dicto
522 1483 676 1561 nascitur,
699 1480 727 1547 si
741 1481 883 1560 fricetur,
905 1484 1050 1549 resinosa
1067 1494 1126 1548 est.
1148 1481 1276 1547 Adver-

157 1594 245 1649 satur
269 1583 402 1649 venenis
429 1594 462 1648 et
487 1583 652 1649 venenatis
680 1595 904 1670 praeterquam
931 1585 1107 1670 anguibus,
1142 1583 1276 1649 sudores

156 1696 271 1764 movet,
295 1685 431 1751 tormina
452 1685 593 1762 discutit,
614 1684 706 1750 lactis
728 1686 907 1751 ubertatem
928 1686 1014 1750 facit.

198 1789 250 1852 61.
271 1786 385 1852 Herba
407 1784 529 1851 Sabina
550 1786 667 1872 brathy
689 1787 848 1874 appellata
869 1784 1039 1852 aGraeois
1060 1787 1196 1851 duorum
1217 1799 1340 1872 gc-102

156 1910 269 1954 nerum
291 1898 357 1965 est3
379 1888 441 1953 alia
464 1888 605 1952 marcrici
626 1888 702 1954 folio
725 1888 849 1966 similis,
871 1889 973 1954 altera
994 1911 1157 1975 cupresso,
1179 1910 1277 1971 quare

156 1990 287 2073 quidam
309 1986 470 2055 Creticam
492 2011 679 2077 cupressum
705 1990 864 2067 dixerunt.
902 1991 935 2054 A
956 1989 1064 2054 multis
1091 1989 1124 2052 in
1150 1988 1278 2053 suffitus

155 2114 213 2176 pro
235 2086 306 2157 ture
327 2092 516 2169 adsumitur,
539 2091 574 2155 in
594 2091 833 2156 medicamentis
855 2114 932 2156 vero
954 2090 1116 2176 duplicato
1138 2089 1279 2175 pondere

157 2194 285 2259 eosdem
307 2195 440 2260 effectus
462 2194 579 2259 habere
601 2216 681 2277 quoe
703 2194 885 2259 cinnamum
899 2195 1043 2258 traditur.
1067 2191 1278 2258 Collectiones

156 2296 269 2360 minuit
290 2309 321 2361 et
335 2320 446 2361 nomas
461 2297 635 2381 conpescit,
658 2295 749 2360 inlita
762 2296 870 2361 ulcera
885 2307 1015 2384 purgat,
1037 2305 1151 2380 partus
1171 2316 1277 2359 emor·

157 2411 228 2462 tuos
251 2398 397 2485 adposita
419 2397 556 2463 extrahit
578 2408 610 2461 et
632 2396 753 2476 suffita,
783 2397 928 2461 inlinitur
948 2398 1018 2485 igni
1040 2418 1130 2461 sacro
1152 2406 1184 2462 et
1206 2418 1276 2460 car-

155 2500 319 2578 bunculis,
352 2523 424 2567 cum
456 2499 549 2564 melle
577 2523 618 2565 ex
649 2499 725 2564 vino
752 2511 829 2586 pota
854 2499 945 2585 regio
978 2497 1089 2565 morbo
1121 2497 1277 2563 medetur.

158 2601 333 2667 Gallinacei
355 2602 483 2688 generis
504 2602 637 2687 pituitas
659 2601 749 2665 fumo
776 2601 846 2666 eius
867 2600 985 2666 herbae
1008 2601 1114 2668 sanari
1137 2599 1277 2664 tradunt.

156 2817 197 2866 eat,
216 2811 291 2859 Vad.
320 2825 396 2858 remen
413 2826 442 2858 aa
457 2826 530 2873 aqua.
560 2807 698 2874 Apocynam
712 2808 800 2872 frater
817 2817 863 2867 est,
880 2811 936 2874 Kr.
965 2808 1030 2861 Cum
1052 2809 1180 2870 vulgatam
1200 2808 1277 2857 inter·

156 2879 317 2940 punctionem
334 2874 356 2938 β
372 2879 485 2941 ineptum
507 2893 608 2927 sensum
628 2879 749 2941 praebere
766 2885 910 2941 appareret,
926 2878 998 2926 Brot
1015 2875 1236 2940 interpolationem
1251 2875 1277 2924 Κ

155 2946 270 3009 arripnit3
283 2947 327 2994 sed
336 2947 451 2995 codicum
462 2947 583 3008 scriptura
593 2947 688 3008 optime
698 2961 725 2995 e
731 2946 817 3006 habet,
826 2948 963 2995 dammodo
973 2946 1065 2994 rectius
1075 2946 1277 3008 interpungatur,

155 3014 190 3062 ita
206 3022 235 3063 nt
249 3015 326 3062 verba
335 3016 422 3076 frater
438 3012 587 3077 est-qravr'
601 3010 672 3061 odore
687 3014 860 3078 parenthetica
877 3014 944 3063 dicta
955 3021 1095 3063 sumantur.
1120 3012 1240 3062 Ceterum
1251 3026 1275 3060 v.

154 3081 271 3130 Dioscor.
284 3088 307 3142 4,
321 3086 360 3130 81.
381 3121 411 3129 -
421 3079 494 3143 solio,
507 3097 530 3131 a.
549 3078 624 3143 felth,
636 3082 692 3131 Vd.
712 3123 743 3130 -
762 3079 872 3141 molliora,
885 3081 938 3131 Va
962 3078 1071 3129 molliora
1082 3079 1135 3140 hae,
1148 3083 1171 3130 d.
1192 3120 1221 3129 ..
1241 3077 1277 3126 υἰ-

156 3147 257 3210 tiaeult's,
269 3150 326 3199 Vd.

189 3228 255 3291 §aa
283 3231 451 3281 Rosmarinum
468 3241 509 3292 eet,
526 3250 549 3282 a.
576 3231 745 3282 Roamarinam
762 3241 791 3294 et,
804 3235 836 3283 V.
863 3231 1031 3281 Rormarinam
1050 3240 1084 3279 eat
1099 3240 1128 3291 et,
1145 3234 1169 3281 d.
1196 3228 1244 3278 Est
1254 3238 1278 3278 et

155 3295 379 3363 rosmarinum,ss7.
404 3300 524 3350 Ceterum
540 3316 563 3347 v.
575 3300 690 3350 Dioscor.
705 3308 728 3361 3,
742 3303 781 3350 79.
802 3340 831 3348 -
855 3297 1105 3359 haemorroidas,Vd.
1132 3305 1154 3346 et
1170 3296 1276 3346 boemor-

155 3365 260 3426 rltor'tlae,
272 3363 345 3431 αβγ.
365 3408 395 3417 ..
415 3375 437 3415 et
448 3366 544 3426 radicis,
557 3368 612 3417 Vd.
633 3365 731 3428 radiate,
744 3383 768 3415 a.

187 3454 271 3514 §loo
295 3451 386 3511 aerina
403 3454 447 3501 ad.
474 3449 564 3511 terina,
577 3450 611 3501 V.
639 3449 727 3511 harvia,
739 3453 770 3501 T.
797 3448 887 3511 eror'na,
904 3468 924 3501 r.
950 3447 1101 3515 ποδάγραις
1116 3464 1145 3499 τε
1162 3445 1274 3514 ἁρμόζει

154 3515 408 3581 καταπλασσόμενος
425 3515 500 3577 λεῖος
516 3515 564 3567 σὺν
583 3514 679 3585 αἰρίνῳ
697 3514 806 3583 ἀλεύρῳ
822 3512 867 3566 καὶ
886 3513 962 3581 ὄξει,
981 3520 1098 3569 Dioscor.
1129 3559 1158 3567 -
1183 3534 1232 3580 pur
1248 3525 1276 3566 at

154 3586 231 3649 elisar,
244 3580 372 3639 OVTad.
388 3595 481 3652 purgat
491 3595 520 3649 et,
529 3583 558 3648 β,
572 3628 602 3637 ..
621 3594 643 3636 et
655 3602 722 3649 quae,
731 3586 806 3635 Vad.
821 3585 920 3650 prodeat
931 3587 961 3637 ia
973 3604 1042 3652 quae,
1055 3587 1088 3636 K.
1103 3627 1131 3636 ..
1147 3585 1201 3647 rint,
1240 3586 1273 3636 V.

154 3663 214 3718 suat,
226 3659 263 3705 ad
269 3652 319 3721 βγ.
338 3697 369 3706 ..
390 3654 457 3714 lacte,
473 3648 522 3704 Oa.
541 3653 631 3716 lactem,
643 3655 676 3704 V.
696 3651 741 3715 lac,
753 3650 824 3718 ᾱβγ.

187 3740 201 3802 5
217 3746 271 3789 101.
290 3738 400 3801 dirimas,
414 3746 453 3795 15.
466 3745 507 3790 ³0.
520 3747 560 3790 sl.
574 3781 605 3788 -
623 3739 652 3801 ri,
665 3741 745 3790 omitt.
759 3739 862 3791 VTad.
878 3782 907 3790 -
919 3739 1032 3804 fricetur,
1045 3738 1098 3788 Va
1109 3737 1208 3800 frutice,
1220 3739 1273 3789 Td.

155 3844 185 3853 -
201 3815 306 3868 praeter,
319 3824 341 3857 a.
362 3848 392 3856 -
411 3806 515 3867 sudores,
531 3800 638 3857 OVTd.
655 3805 773 3869 ardorem,
785 3803 833 3869 ast.

188 3892 271 3953 §loa
298 3890 349 3940 alia
366 3892 483 3951 tanrart'ci,
500 3893 531 3942 T.
558 3890 610 3940 alia
626 3900 649 3940 et
665 3892 757 3949 marici,
770 3894 824 3942 Vd.
852 3889 897 3940 atti
912 3899 976 3938 terra
992 3890 1082 3948 marici,
1095 3906 1119 3942 a.
1145 3889 1223 3940 altera
1236 3899 1272 3940 ta-

154 3957 246 4018 marici,
261 3954 312 4023 βγ.
337 3960 379 4009 De
395 3959 564 4008 alias-alter
579 3975 602 4009 v.
615 3961 649 4008 ad
661 3964 702 4019 37,
716 3965 785 4019 196.;
804 3961 835 4009 de
847 3961 902 4023 ipsa
913 3959 1001 4022 planta
1012 3974 1034 4007 v.
1047 3959 1165 4010 Diosccr.
1179 3967 1201 4021 l,
1216 3965 1272 4010 lot.

155 4065 184 4074 ..
196 4025 262 4090 sollo
273 4025 365 4088 similia,
379 4029 482 4078 VTad.
500 4025 661 4091 aimibssolt‘o,
673 4022 724 4090 βγ.
742 4068 774 4076 ...
794 4043 842 4089 qua
854 4042 883 4074 aa·
894 4043 920 4075 re
931 4024 1035 4088 quidam,
1048 4028 1080 4077 Κ.
1100 4068 1131 4078 ..
1149 4025 1174 4076 A
1185 4025 1273 4089 multia,

153 4094 207 4143 Vd.
235 4102 260 4142 at
276 4094 337 4156 vilia,
351 4112 373 4146 a.
392 4137 423 4144 -
453 4102 527 4155 turae,
539 4095 572 4144 V.
593 4135 622 4142 -
650 4093 810 4154 mittitete.
838 4093 926 4155 invitet,
938 4095 971 4144 V.
998 4094 1083 4156 multet,
1096 4097 1120 4145 d.
1140 4137 1170 4146 ..
1197 4093 1273 4158 adpo-

152 4160 274 4217 sitavd.
301 4163 416 4226 exposita,
433 4179 456 4211 a.
476 4203 506 4211 -
528 4160 621 4225 suffita,
642 4154 744 4211 OVad.
770 4160 860 4223 suffita,
876 4157 927 4226 βγ.
947 4203 977 4212 -
1004 4180 1033 4212 ex
1049 4163 1226 4225 virto‚VTad.
1250 4169 1273 4211 et

153 4228 214 4288 aino,
224 4226 273 4295 βγ.
293 4239 315 4279 et
325 4229 475 4280 carbunculis
487 4245 516 4277 aa
527 4229 594 4290 νῖκος
606 4245 657 4277 cum
669 4227 735 4278 melle
744 4237 804 4291 pota
815 4245 863 4294 rep.
874 4246 903 4280 m.
916 4228 983 4292 med,
998 4232 1066 4282 Pint.
1084 4272 1115 4282 ..
1131 4231 1228 4296 gereris,
1238 4231 1271 4279 V.

154 4335 184 4345 ..
199 4297 366 4361 pituitavd.
