2918 4800
411 301 594 348 mnxxm.
624 300 701 347 car.
718 302 767 347 1v.
796 301 892 348 sacr.
910 302 991 346 ra-as.
1086 350 1088 357 ,
1201 285 1262 351 357

141 454 252 518 Parthi
274 453 411 540 gallinae
434 453 556 516 malunt
579 453 745 518 cerebrum
768 454 873 539 plagis
901 452 1063 536 inponere.
1101 452 1158 517 Ius
1183 475 1263 538 quo·

140 578 203 639 que
227 578 267 619 ex
289 553 339 618 his
361 565 473 641 potum
495 556 659 639 praeclare
680 555 825 620 medetur
839 566 870 619 et
885 555 917 618 in
933 554 1040 619 multis
1056 554 1127 619 aliis
1149 556 1263 621 usibus

140 655 296 721 mirabile.
319 655 511 733 Pantherae,
527 655 635 720 leones
650 679 713 722 non
728 656 889 744 attingunt
908 669 1081 740 perunctos
1096 679 1144 734 eo,
1167 680 1262 742 prae-

142 760 234 842 cipue
258 758 285 820 si
307 768 338 820 et
367 757 463 821 alium
491 757 589 822 fuerit
614 757 783 822 incoctum.
821 758 941 822 Alvom
970 758 1064 823 solvit
1085 758 1224 823 validius
1247 778 1309 824 ero

142 871 250 924 vetere
273 858 467 946 gallinace03
491 859 624 942 prodest
645 869 676 923 et
698 870 809 924 contra
829 859 1022 945 longinquas
1036 859 1134 924 febris
1150 871 1182 924 et
1198 872 1263 925 tor-

141 959 291 1044 pentibus
313 960 465 1025 membris
488 960 694 1044 tremulisque
717 972 749 1025 et
771 961 962 1025 articulariis
983 960 1115 1040 morbis,
1145 962 1178 1025 in
1209 985 1264 1026 ca-

142 1061 217 1146 pitis
247 1060 421 1139 doloribus,
452 1061 626 1146 epiphoris,
655 1061 885 1140 inflationibus,
913 1063 1059 1139 fastidiis,
1090 1061 1264 1146 incipiente

142 1173 295 1237 tenesmo,
311 1162 456 1239 iocineri,
471 1162 613 1242 renibus,
636 1163 774 1241 vesicae,
792 1176 904 1228 contra
914 1163 1097 1240 cruditates,
1114 1162 1263 1247 suspiria.

141 1263 255 1346 Itaque
277 1264 371 1327 etiam
393 1264 531 1328 faciendi
553 1265 622 1328 eius
638 1275 767 1329 exstant
785 1275 972 1350 praecepta3
996 1264 1157 1330 efficacius
1180 1266 1264 1329 enim
1279 1285 1310 1327 so

142 1366 234 1449 coqui
257 1388 329 1429 cum
352 1365 437 1431 olere
460 1367 583 1433 marino
605 1378 659 1431 aut
681 1367 773 1451 cybio
796 1378 851 1432 aut
873 1366 1004 1453 suppari
1033 1377 1087 1431 aut
1114 1367 1188 1453 apio
1210 1379 1265 1431 aut

142 1467 241 1532 herba
263 1467 460 1546 Mercuriali,
487 1469 662 1554 polypodio
684 1480 741 1533 aut
762 1480 867 1546 aneto,
897 1469 1066 1535 utilissime
1096 1480 1204 1533 autem
1232 1468 1266 1531 in

142 1569 266 1655 congiis
289 1569 392 1634 tribus
414 1593 516 1654 aquae
538 1571 580 1635 ad
603 1572 659 1635 tris
681 1569 826 1636 heminas
848 1595 921 1638 cum
936 1593 1034 1656 supra
1048 1570 1143 1635 dictis
1158 1569 1266 1634 herbis

142 1682 173 1734 et
194 1670 417 1756 refrigeratum
449 1671 509 1736 sub
538 1673 592 1737 dio
619 1672 688 1735 dari
712 1674 911 1759 tempestivis
934 1673 1140 1738 antecedente
1163 1673 1264 1738 vomi-

142 1772 237 1836 tione.
270 1771 344 1837 Non
373 1773 554 1856 praeteribo
581 1773 769 1839 miraculum
799 1797 992 1859 quamquam
1014 1774 1055 1838 ad
1078 1774 1265 1838 medicinam

141 1895 204 1938 non
227 1874 409 1959 pertinens:
440 1876 466 1940 si
495 1898 572 1941 auro
599 1876 787 1960 liquescenti
815 1877 1006 1962 gallinarum
1031 1876 1175 1941 membra
1203 1875 1264 1938 mi-

143 1986 302 2054 sceantur,
326 1988 520 2041 consumunt
542 1977 576 2040 id
596 1978 630 2040 in
654 2000 704 2055 se;
728 1978 773 2042 ita
795 1979 855 2043 hoc
878 2001 1034 2044 venenum
1050 1977 1121 2042 auri
1137 1987 1195 2041 est.
1220 1975 1266 2039 At

141 2077 311 2164 gallinacei
325 2079 388 2163 ipsi
404 2079 523 2144 circulo
546 2101 563 2143 e
586 2081 739 2144 ramentis
754 2080 862 2144 addito
877 2081 910 2144 in
924 2080 1039 2144 collum
1058 2102 1122 2145 non
1138 2088 1264 2144 canunt.

185 2181 236 2243 26.
258 2179 443 2243 Auxiliatur
464 2191 576 2245 contra
598 2182 809 2267 serpentis-et
831 2181 1049 2245 columbarum
1064 2203 1139 2246 caro
1154 2201 1264 2244 recens
1279 2199 1307 2242 st

143 2291 313 2366 concerpta
335 2291 367 2344 et
387 2280 606 2360 hirundinum,
636 2282 776 2348 bubonis
804 2283 907 2367 pedes
934 2283 1093 2348 usticam
1116 2281 1264 2368 plumba·

143 2383 218 2467 gine
238 2382 348 2447 herba.
370 2382 440 2449 Nec
463 2384 605 2448 omittam
627 2384 661 2448 in
682 2384 743 2450 hac
765 2408 892 2470 quoque
909 2385 984 2449 alite
999 2384 1181 2469 exemplum
1195 2405 1264 2445 ma-

142 2484 234 2570 gicae
256 2485 422 2561 vanitatis3
451 2485 573 2570 quippe
595 2496 724 2571 praeter
749 2487 870 2570 reliqua
891 2497 1077 2574 portentosa
1097 2483 1264 2549 mendacia

143 2584 199 2649 bor
220 2586 289 2650 eius
311 2587 484 2673 inpositum
506 2610 660 2652 mammae
675 2587 817 2651 mulieris
832 2588 1017 2655 dormientis
1033 2586 1183 2652 sinistrae
1199 2596 1263 2648 tra-

143 2686 222 2751 dunt
243 2688 371 2754 efficere
393 2699 429 2752 ut
452 2690 558 2754 omnia
579 2699 702 2787 secreta
723 2690 923 2775 pronuntiet,
951 2702 1118 2776 praeterea
1145 2688 1179 2751 in
1201 2711 1262 2773 pu-

142 2861 232 2910 vultare
243 2863 269 2925 it,
283 2865 308 2913 V
320 2859 393 2927 (post
404 2879 416 2912 e
429 2865 511 2928 deleta
522 2881 573 2915 una
584 2862 690 2928 littera).
708 2863 829 2927 saltat-eis,
839 2866 886 2915 R&
905 2864 982 2914 vultur
993 2874 1034 2928 cst,
1047 2859 1123 2924 R2ss.
1138 2904 1169 2911 -
1187 2859 1262 2910 adae-

143 2937 225 2991 ratam,
236 2931 315 2980 VR2.
333 2929 470 2991 adnotatur,
482 2934 548 2983 R'o.
566 2931 733 2994 aanomndam,
747 2950 767 2983 r.

176 3000 248 3061 §ts
276 2998 391 3061 tepebant,
408 2992 564 3051 OVRTdr.
592 3008 692 3064 trapeam,
709 2995 738 3061 β.
762 3043 792 3050 ..
820 2999 934 3061 divulsae,
950 3001 983 3050 Κ.
1006 3042 1035 3050 ..
1064 2998 1160 3058 malam,
1177 2999 1211 3047 V.
1231 3039 1261 3047 -

143 3063 226 3125 leones,
239 3066 301 3115 VR.
321 3062 448 3129 leonesque,
461 3062 532 3128 ᾶβγ.

177 3134 244 3193 §ra
270 3129 398 3195 pollinam,
410 3134 442 3182 V.
467 3133 585 3182 Ceterum
602 3149 624 3182 v.
641 3136 796 3195 Dioscor.2,
811 3140 850 3184 53.
871 3175 902 3183 ..
926 3134 951 3181 ia
968 3134 1060 3197 capitis,
1076 3128 1215 3184 OVRTd.
1242 3141 1265 3180 ct

142 3195 276 3262 capitiast.
295 3239 326 3248 -
351 3197 562 3262 irfiatioaibaa,R.
588 3199 760 3264 inflacioaibar,
773 3202 807 3252 V.
833 3200 1063 3264 affirmationibus,
1076 3203 1117 3251 dr.
1138 3243 1168 3250 ..
1185 3200 1263 3264 fasti-

43 3271 46 3277 '
142 3265 334 3326 diis-renibus,
347 3283 397 3317 om.
409 3268 454 3316 R'.
472 3307 504 3316 ..
524 3265 656 3330 cruditatr's,
673 3262 769 3318 θη·
781 3310 811 3318 ..
831 3278 853 3317 et
863 3268 976 3331 suspiria,
988 3268 1020 3316 K

176 3334 244 3394 §80.
269 3333 337 3396 caim,
350 3351 399 3384 om.
413 3336 444 3385 T.
463 3375 494 3384 ..
513 3335 652 3399 coqaicam,
664 3339 695 3387 T.
717 3337 768 3385 coci
778 3352 836 3398 cam,
849 3338 896 3386 V¹.
919 3335 1035 3394 caticum,
1049 3336 1098 3385 V².
1121 3343 1217 3396 coctana
1231 3337 1262 3386 R.

141 3405 202 3452 cocti
212 3419 271 3463 cam,
284 3398 333 3465 βγ.
355 3444 384 3452 ..
408 3401 494 3464 holere,
505 3404 539 3453 V.
559 3445 589 3453 -
614 3403 687 3465 caica,
704 3405 799 3454 Boduc.
812 3406 844 3455 ad
857 3404 990 3467 Theophr.
1003 3404 1061 3452 hist.
1073 3403 1154 3465 plant.
1166 3419 1191 3466 p.
1204 3410 1263 3454 251.

143 3487 176 3520 ex
187 3472 346 3522 Dioscorida.
366 3512 397 3520 ..
416 3471 496 3535 appio,
508 3472 542 3522 V.
561 3513 592 3521 ..
608 3470 743 3537 polypodio,
755 3473 816 3521 VR.
835 3471 873 3520 ael
881 3469 1016 3536 polypodio,
1030 3471 1053 3518 d.
1076 3478 1119 3517 aut
1126 3469 1261 3535 polypodio,

140 3535 192 3602 βγ.
211 3581 243 3590 ..
266 3547 342 3601 aneto,
359 3540 391 3589 R.
416 3538 510 3600 anetho,
528 3535 631 3603 Vdssr.
652 3581 683 3590 .-
706 3538 862 3600 utilissimam,
879 3541 912 3591 Κ.
932 3579 964 3588 ..
987 3554 1065 3601 aquae
1081 3545 1123 3586 aat
1140 3541 1262 3599 trcs‚Vd.

140 3615 192 3670 atq;
205 3616 292 3669 autres,
305 3608 387 3658 R.·..
410 3623 469 3668 cam,
487 3609 568 3658 omitt.
582 3608 658 3657 VR¹.
678 3648 708 3657 -
731 3605 780 3669 dia,
792 3608 877 3657 VRd.
898 3647 928 3657 ..
954 3606 1117 3670 tempestivius,
1129 3607 1161 3656 K.
1182 3647 1212 3655 ..
1232 3606 1263 3655 li·

141 3676 266 3737 querceae,
279 3677 335 3727 VR
343 3679 382 3725 ²d.
401 3674 572 3738 reliqacaccata,
584 3676 615 3725 T.
633 3674 817 3738 relinquam,
830 3675 874 3724 Bt
888 3716 919 3725 ..
938 3672 999 3723 illacl
1009 3673 1034 3722 ia
1045 3690 1077 3734 sc,
1089 3689 1108 3722 r.
1122 3714 1153 3722 -
1166 3672 1216 3735 Aa,
1229 3676 1262 3726 V.

143 3784 173 3791 -
191 3742 321 3806 gallinacei
335 3745 389 3808 ipsi,
402 3744 560 3794 vrtt'rssu.
586 3741 726 3809 gallinaceis
742 3743 808 3807 ipsis,
826 3739 923 3806 Βῖβγ.
944 3784 973 3792 ..
997 3741 1147 3800 crementis,
1162 3742 1261 3792 Broter.

141 3813 299 3940 obeditione
315 3813 436 3876 principe.
455 3812 576 3873 cramcmi,
587 3813 640 3862 Td.
658 3812 815 3873 esarmeatis,
825 3808 912 3872 VRst.
931 3852 962 3861 ..
980 3811 1004 3858 ia
1020 3809 1110 3870 collam,
1125 3801 1261 3861 OVRTd.

140 3893 166 3925 co
185 3895 206 3937 o,
241 3915 247 3927 .

174 3949 243 4010 §sn
261 3945 406 4007 Auxiliama
418 3949 466 3997 V¹.
486 3989 515 3996 -
535 3954 668 4011 concerpta,
684 3942 840 3999 OVR2Td.
859 3954 975 4011 correpta,
989 3947 1033 3996 R'.
1051 3953 1170 4008 concepta,
1183 3941 1212 4007 β.
1229 3987 1260 3996 ..

136 4013 296 4079 plumbapiaq
308 4016 382 4065 codd.
394 4016 508 4065 Barbari.
523 4013 658 4079 palbapiac,
671 4017 727 4065 Vd.
745 4015 878 4080 balbapinc,
893 4009 955 4065 BR.
968 4057 1000 4065 ..
1018 4011 1109 4076 quoquc
1121 4011 1186 4074 alite,
1198 4014 1260 4065 vlt.

140 4082 197 4132 alite
209 4099 306 4147 qaoque,
319 4085 372 4134 Td.
387 4124 416 4132 -
430 4082 538 4147 mapicac
549 4099 639 4146 qaoque
650 4083 772 4145 vanitatis,
783 4085 867 4135 VRd.
886 4084 992 4148 mapicac
1005 4090 1082 4130 tamea
1093 4080 1216 4144 vanitatis,
1229 4082 1259 4133 T.

140 4219 245 4268 vanitate
256 4218 402 4281 medicinam,
415 4237 434 4269 r.
449 4260 479 4269 ..
492 4218 540 4283 qai,
553 4222 596 4271 ΕΙ.
616 4261 646 4269 ..
666 4219 758 4284 reliqua
766 4226 911 4283 portentosa,
924 4218 978 4268 Vd.
997 4168 1187 4282 reliqddrpoedioll.
1203 4236 1261 4283 por-

140 4292 252 4336 tentosam
265 4305 305 4338 cor
317 4287 444 4350 halaleca,
456 4304 475 4338 r.
491 4329 521 4338 ..
540 4285 664 4352 mendica,
677 4290 706 4341 R.
739 4329 768 4339 ...
786 4288 930 4352 pronuntiat,
943 4288 1018 4339 VR'.
